3192 5209
526 376 859 459 q-ms-

155 545 257 603 sianus
282 559 400 621 semper
422 539 511 600 falsas
534 538 655 601 exhibet
678 541 850 619 scripturas.
897 542 979 613 Quae
1003 559 1072 602 cum
1095 542 1135 602 ita
1158 542 1232 620 sint,
1260 542 1328 619 quis

153 642 220 701 ueri
250 639 345 701 simile
376 655 441 699 esse
464 637 597 715 nnegabit
631 637 696 697 illas
730 637 864 717 duplices
898 639 975 718 apud
1011 638 1133 700 Festum
1164 640 1329 717 scripturas

153 737 281 816 duplicis
303 738 487 797 recensionis
511 742 630 797 nostrae
654 752 720 795 esse
743 736 870 814 uestigia
893 733 1091 813 peruetusta?
1131 736 1204 797 lude
1227 742 1328 795 autem

154 834 283 895 efficitur
319 836 476 911 utriusque
513 840 633 894 nostrae
669 831 835 894 fabularum
862 832 1066 896 Plautinarum
1097 835 1331 894 recensionis

152 932 343 993 fundamenta
363 931 507 1011 quaedam
526 933 584 991 iam
600 939 667 991 ante
683 930 822 992 Verrium
836 930 976 991 Flaccum
990 933 1147 993 exstitisse.
1186 932 1247 992 Cur
1260 931 1327 991 lun·

154 1029 290 1092 demente
309 1029 405 1091 dicam
419 1030 602 1089 recensionis
617 1046 676 1089 non
690 1031 784 1110 ipsam
799 1029 1007 1089 recensionem
1021 1026 1147 1088 subinde
1165 1027 1328 1107 apparebit.

244 1225 264 1303 ξ
289 1222 318 1287 9.
364 1225 460 1304 Pergo
487 1241 567 1285 nunc
596 1224 633 1285 ad
661 1242 725 1285 eam
753 1226 958 1303 quaestionem
983 1223 1132 1303 quomodo
1156 1223 1267 1283 lactum
1289 1224 1329 1283 sit

153 1332 188 1386 ut
211 1343 265 1404 pro
288 1325 426 1402 genuinis
449 1324 636 1401 uetustisque
658 1323 764 1383 lormis
791 1322 1002 1402 grauastellus,
1026 1321 1204 1399 effafillatus,
1227 1322 1326 1394 insua-

154 1440 221 1483 sum
243 1420 309 1482 illae
333 1420 442 1481 alterae
466 1420 579 1481 nullum
602 1420 784 1499 praebentes
806 1436 944 1480 sensum:
967 1418 1148 1498 rauistellus,
1171 1419 1328 1497 expapilla-

153 1526 212 1599 tns,
237 1536 357 1579 suasum
380 1516 559 1597 legerentur.
606 1518 702 1596 Atque
725 1517 860 1578 Muelleri
884 1516 1005 1596 quidem
1032 1520 1248 1598 coniecturam,
1270 1520 1330 1596 ⁴qui

153 1610 348 1677 ‘canistellus'
372 1616 497 1675 sormam
516 1634 581 1676 esse
601 1617 809 1695 recentiorem,
832 1632 908 1693 quae
927 1613 1093 1676 secundum
1110 1614 1192 1693 leges
1210 1614 1328 1694 linguae

154 1715 261 1775 latinae
289 1732 326 1774 ex
353 1712 401 1774 illa
429 1720 494 1774 orta
517 1722 610 1794 esset,
638 1714 804 1794 contendit,
832 1731 893 1772 non
921 1720 1033 1773 rectam
1062 1730 1128 1773 esse
1155 1713 1213 1772 iam
1242 1720 1328 1773 antea

154 1812 407 1873 demonstrauisse
435 1810 521 1887 nobis
551 1810 696 1872 uidemur.
743 1811 842 1883 Quare
871 1810 907 1871 ad
930 1810 984 1871 bas
1006 1810 1118 1871 lormas
1142 1809 1329 1889 explicandas

154 1909 211 1969 alio'
245 1910 302 1969 erit
333 1907 571 1988 confugiendum.
622 1910 664 1968 bc
692 1908 765 1969 mibi
792 1910 914 1989 quidem
942 1915 1055 1969 rectam
1082 1910 1236 1987 ingressus
1264 1927 1330 1970 esse

154 2010 233 2068 uiam
257 1994 380 2067 uidetur
399 2005 615 2086 Buechelerus,
639 2008 690 2085 qui
720 2002 937 2087 ‘expapillatus'
961 2024 1016 2085 pro
1040 2002 1239 2067 ‘exfafillatus'
1262 2007 1346 2069 ideo.

154 2106 267 2167 factum
285 2122 352 2165 esse
371 2103 443 2164 dicit
451 2098 485 2185 ¹),
508 2113 541 2165 ut
561 2121 620 2164 uox
639 2103 766 2165 obscura
786 2105 841 2165 alia
861 2112 1104 2184 commutaretur,
1128 2122 1203 2182 quae
1222 2104 1330 2166 melius

153 2200 287 2281 intellegi
313 2220 401 2281 posse
429 2203 592 2263 uideretur.
637 2202 734 2281 Atque
767 2201 847 2263 idem
885 2205 1036 2283 pertinere
1069 2209 1142 2281 puto
1174 2202 1210 2261 ad
1238 2220 1330 2263 uoces

153 2294 332 2361 ‘insuasum'
361 2307 391 2360 et
414 2294 642 2377 ‘grauastellus'.
689 2297 762 2359 Nam
792 2300 847 2361 bas
875 2308 910 2361 ut
936 2299 1013 2379 apud
1042 2301 1250 2378 grammaticos
1278 2308 1330 2361 aut

153 2417 214 2459 non
242 2404 293 2459 aut
316 2398 388 2459 satis
412 2396 582 2458 dubitanter
600 2397 759 2477 explicatas
784 2398 965 2478 inuenimus,
984 2400 1023 2458 ita
1048 2416 1106 2476 quo
1130 2397 1227 2479 modo,
1251 2393 1329 2458 ‘sua-

154 2490 234 2558 sum'
267 2503 297 2555 et
329 2490 521 2557 ‘canistellus'
559 2497 598 2556 sit
626 2494 842 2574 explanandum
875 2496 1103 2575 haudquaquam
1135 2494 1219 2556 dubii
1251 2503 1329 2557 sunt.

154 2592 241 2663 Qtrod
265 2594 290 2652 si
314 2579 537 2672 comprobatur,
565 2599 637 2652 tunc
666 2590 751 2652 laeile
779 2596 911 2673 suspicio
935 2597 1051 2656 moueri
1072 2601 1172 2674 potest
1194 2600 1329 2672 tempore

154 2688 321 2751 fabularum
343 2688 441 2750 denuo
465 2690 496 2749 in
519 2706 655 2751 scaenam
679 2692 904 2751 commissarum
927 2690 992 2752 illas
1015 2709 1109 2753 nouas
1132 2691 1241 2750 formas
1264 2708 1330 2751 esse

152 2790 254 2867 iactas,
278 2804 496 2867 quemcumque
516 2795 669 2848 auctorem
688 2805 754 2847 esse
774 2790 952 2850 statuemus.
994 2788 1080 2850 Nunc
1104 2807 1176 2850 uero
1205 2805 1330 2868 prorsus

154 2887 283 2949 absurda
306 2898 386 2946 esset
404 2885 560 2964 sententia,
582 2886 613 2944 in
631 2884 730 2945 locum
748 2884 964 2949 uocabulorum
982 2885 1179 2946 obscurorum
1198 2885 1326 2945 obscura

154 2984 316 3047 substituta
340 3000 415 3062 esse,
438 3000 513 3062 quae
537 3000 574 3041 ne
597 2984 661 3061 ipsa
685 2982 804 3060 quidem
828 2982 935 3043 melius
953 2982 1211 3061 intellegerentur:
1234 2984 1325 3043 immo

154 3084 182 3143 si
205 3100 241 3143 ex
265 3099 340 3142 uoce
364 3074 540 3139 ‘insuasum'
563 3087 721 3158 propterea
742 3074 886 3139 ‘suasum'
905 3080 1016 3142 lactum
1035 3089 1090 3161 est,
1114 3079 1193 3158 quod
1212 3098 1229 3139 a
1248 3075 1325 3139 ‘sua-

154 3175 239 3243 dere'
276 3178 331 3239 boc
368 3176 495 3237 uerbum
531 3176 663 3238 deriuari
698 3194 787 3256 posse
824 3175 994 3259 uidebatur,
1026 3196 1063 3237 ex
1099 3172 1327 3256 ‘grauastellus’

13 3346 16 3356 ,
96 3298 100 3304 ·
154 3276 335 3355 rauistellus,
362 3273 441 3354 quod
469 3270 592 3352 ‘granis'
621 3274 670 3335 uel
698 3270 813 3335 ‘nauus'
841 3276 939 3334 inesse
967 3273 1140 3354 putabatur,
1169 3292 1207 3333 ex
1235 3269 1326 3334 ‘exia-

155 3372 276 3437 lillatus'
309 3374 397 3435 simili
424 3374 461 3434 de
489 3390 576 3433 causa
609 3367 828 3452 ‘expapillatus'
858 3404 897 3415 -
930 3390 1033 3433 omnes
1061 3372 1116 3431 bae
1150 3372 1329 3431 mutationes

155 3475 417 3553 grammaticorum
448 3470 704 3551 glossatorumque
737 3488 828 3549 opera
860 3479 943 3531 ortae
975 3488 1041 3531 esse
1071 3470 1145 3530 mibi
1178 3468 1328 3529 uidentur.

155 3572 254 3643 Quare
290 3573 379 3632 etiam
407 3588 472 3630 eam
499 3568 665 3645 fabularum
692 3568 896 3629 Plautinarum
926 3570 1145 3647 recensionem,
1178 3565 1230 3626 ubi
1261 3566 1328 3626 illae
1407 3570 1410 3574 ’

156 3670 269 3734 formae
306 3674 423 3729 exstant
462 3666 498 3726 ad
535 3669 742 3744 grammaticos
779 3666 878 3745 aliquo
915 3665 1002 3726 modo
1039 3664 1227 3725 referendam
1263 3682 1329 3724 esse

156 3774 297 3846 putamus
320 3782 415 3845 eoque
444 3764 567 3825 consilio
591 3764 713 3845 laetam,
745 3773 779 3825 ut
811 3764 943 3824 obsoleta
972 3771 1060 3841 atque
1094 3761 1221 3821 obscura
1248 3760 1329 3821 illius

156 3871 261 3943 poetae
285 3862 375 3924 dictio
399 3870 566 3941 temporum
590 3862 659 3922 usui
681 3861 963 3924 accommodaretur.

247 3960 328 4031 Quae
361 3977 428 4020 cum
460 3962 501 4019 ita
534 3962 606 4040 sint,
626 3962 731 4031 „etiam
763 3960 799 4020 de
832 3959 957 4039 reliquis
990 3958 1107 4021 duobus
1137 3958 1211 4018 locis
1243 3956 1328 4018 Plau·

156 4062 227 4121 tinis
251 4077 326 4138 quos
354 4055 476 4117 Festum
503 4055 614 4136 duplici
642 4056 782 4117 exhibere
813 4059 961 4137 scriptura
993 4060 1051 4117 iam
1083 4064 1170 4116 antea
1201 4072 1329 4128 comme·

156 4159 353 4235 morauimus,
386 4154 456 4233 quid
487 4153 572 4214 nobis
602 4155 792 4216 iudicandum
816 4157 864 4235 sit,
887 4155 1006 4216 elucere
1028 4162 1116 4235 puto:
1148 4154 1329 4215 Cistellariae

156 4256 240 4317 illum
268 4254 334 4315 dico
363 4270 484 4314 uersum
512 4252 596 4314 codd.
623 4256 735 4316 nostris
762 4273 823 4315 non
851 4252 1016 4315 exhibitum
1044 4260 1074 4313 et
1105 4251 1170 4313 Aul.
1198 4272 1225 4315 v.
1254 4247 1327 4313 555.

231 4463 256 4525 n
275 4458 343 4515 uae.
363 4458 441 4529 rguu.
460 4458 487 4511 11
505 4464 548 4512 er.
