3192 5209
599 394 752 458 -229
802 434 838 442 -

129 562 184 632 qul
202 560 289 618 ambo
308 562 350 619 mi
362 567 463 647 pater.
501 560 554 619 AB
578 560 727 620 Osculum.
748 564 780 628 tt
801 561 858 621 δατ
875 569 920 621 est
937 567 1034 623 osculi
1050 566 1127 624 milri
1142 569 1248 625 nostri.
1262 570 1294 633 tt

133 658 195 728 Qui
216 658 324 716 amabo
343 662 455 733 pater?
500 656 553 718 cb
568 648 626 718 ‘est
651 658 727 715 milti
753 661 850 718 osculi
877 664 981 721 uestri.
1028 660 1181 729 consentit
1210 664 1302 740 igitur
1357 675 1363 683 “

127 753 236 814 Festus
259 772 328 813 oum
351 752 443 814 uerba
471 762 516 816 est
546 757 621 815 milri
647 752 784 813 exhibeat
812 773 882 814 cum
904 756 955 817 cb
979 767 1082 818 contra
1105 758 1171 837 AB,
1200 758 1301 821 dinen

127 854 160 911 in
189 854 269 911 exitu
299 868 405 911 uersus
433 849 468 911 ab
497 850 634 913 omnibus
664 850 746 913 codd.
793 850 835 911 lle
862 852 909 911 his
938 856 1102 933 scripturae
1130 855 1300 935 discrepan-

127 950 178 1007 tiis
211 949 283 1026 quid
314 948 504 1010 iudicandum
533 946 600 1011 est?
646 949 774 1029 Apparet
807 948 960 1011 codicibus
992 969 1067 1029 quae
1094 952 1201 1013 tradita
1230 961 1301 1013 sunt

127 1044 221 1105 rrerba
254 1048 279 1105 si
316 1048 495 1125 respicimus¹
530 1047 715 1107 salsissimam
752 1065 819 1106 esse
857 1066 922 1107 eam
955 1067 1042 1127 quam
1076 1047 1127 1109 cb
1158 1048 1300 1109 exhibent

127 1144 321 1222 scripturam,
354 1144 406 1203 sed
439 1144 628 1205 scribendum
662 1163 728 1205 esse
761 1153 795 1204 ut
828 1145 899 1205 lecit
932 1145 1112 1206 Ritscbelius
1145 1164 1213 1206 cum
1244 1146 1304 1228 AB·
1409 1184 1413 1189 ·

131 1243 281 1301 Osculum.
305 1245 338 1310 tt
365 1242 421 1303 Sat
453 1249 498 1301 est
529 1246 625 1303 asculi
656 1246 731 1303 milti
760 1248 866 1304 nostrl.
891 1248 924 1313 tt
958 1247 1018 1317 Qui
1048 1245 1156 1303 amabo
1185 1247 1297 1318 pater?

125 1336 185 1397 lam
222 1347 321 1400 autem
350 1342 504 1417 quaeritur
532 1338 603 1417 quid
632 1341 675 1399 cis
704 1340 860 1421 iaciamus,
900 1360 975 1419 quae
1017 1361 1034 1402 a
1066 1339 1155 1401 Festo
1187 1339 1297 1400 tradita

124 1443 204 1497 sunt.
272 1435 326 1496 Vbi
368 1439 392 1496 si
436 1455 505 1497 cum
547 1435 687 1496 Muellero
737 1437 902 1499 secundum
944 1437 1029 1503 codd.
1066 1438 1201 1499 lacunam
1247 1455 1297 1496 ex·

123 1531 240 1611 plemus
273 1538 371 1596 osculi
396 1538 502 1616 uestri,
527 1552 648 1594 uersum
677 1537 797 1594 omnino
830 1553 889 1595 non
917 1536 1069 1598 babemus.
1117 1534 1175 1595 Sed
1198 1542 1298 1594 tamen
1346 1560 1350 1567 -

123 1631 155 1689 iu
183 1634 325 1691 extremis
352 1631 441 1692 buius
468 1650 576 1692 uersus
604 1630 705 1691 uerbis
738 1631 867 1693 traditis:
905 1636 966 1706 (lui
995 1636 1103 1695 amabo
1135 1636 1177 1692 mi
1202 1640 1297 1709 pater

123 1724 194 1787 boni
221 1746 329 1788 uersus
362 1732 459 1791 exitus
492 1729 593 1789 latere.
615 1727 743 1788 uidetur.
789 1728 888 1798 Quare
922 1734 947 1791 si
975 1750 1042 1792 ctrrn
1070 1730 1174 1791 Aldina
1203 1735 1234 1789 et
1261 1729 1294 1788 A.

123 1822 290 1901 Augustino
313 1827 495 1907 supplemus,
519 1825 597 1904 quod
622 1827 710 1885 etiam
734 1835 857 1905 propter
879 1828 1045 1889 litterarum
1073 1827 1296 1907 deperditarum

123 1939 282 1982 numerum
310 1924 547 1985 commendatur:
581 1925 685 1997 osculi,
708 1940 816 1983 uersus
849 1924 977 2003 effigiem
1005 1925 1144 1985 uidemur
1170 1924 1296 1983 babere:

127 2021 276 2081 Osculum.
309 2022 367 2081 Sat
388 2029 433 2083 est
454 2024 530 2082 milti
551 2024 655 2081 osculi.
692 2020 753 2091 uui
768 2023 877 2081 amabo
895 2026 938 2081 mi
956 2030 1061 2099 pater:
1093 2024 1123 2082 in
1143 2040 1202 2100 quo
1220 2020 1295 2080 nibil

121 2126 242 2195 praeter
266 2137 419 2179 caesuram
442 2119 606 2198 neglectam
630 2116 760 2177 offendit.
803 2117 942 2179 Ceterum
966 2138 1034 2179 cum
1058 2118 1143 2179 ualde
1168 2118 1292 2179 dubium

121 2216 169 2295 sit,
201 2214 284 2275 illum
315 2234 437 2277 uersum
470 2234 542 2276 num
574 2214 624 2275 illo
648 2213 735 2274 modo
759 2215 893 2295 suppleri
917 2226 1065 2296 oporteat,
1094 2216 1290 2294 facillimeque

119 2313 245 2389 cogitari
263 2316 357 2391 possit
375 2314 430 2373 alia
450 2313 597 2392 quondam
622 2310 699 2391 apud
719 2311 840 2372 Festum
859 2316 1019 2394 exstitisse,
1037 2318 1068 2374 in
1088 2313 1198 2393 quibus
1216 2312 1290 2372 nibil

121 2408 214 2468 luerit
243 2411 321 2489 uitii,
354 2412 425 2471 satis
457 2413 515 2471 erit
547 2408 727 2470 contendere
756 2409 837 2471 Festi
864 2414 1043 2492 scripturam
1075 2430 1136 2472 non
1167 2430 1292 2491 prorsus

118 2524 186 2566 esse
214 2508 405 2588 reiciendam,
424 2507 476 2567 sed
504 2508 630 2567 fortasse
657 2508 689 2566 in
718 2525 752 2567 ea
782 2507 875 2569 latere
902 2528 1024 2570 uersum
1057 2528 1150 2588 aeque
1180 2508 1291 2570 bonum

117 2612 208 2683 atque
233 2623 302 2666 eum
325 2622 414 2684 quem
437 2605 521 2666 codd.
545 2607 656 2666 nostris
679 2605 822 2666 traditum
845 2605 997 2669 habemus.

619 2778 720 2861 Cap.
744 2779 793 2846 V.

115 2935 119 2940 ·
207 2898 227 2971 ξ
253 2895 303 2959 13.
348 2897 452 2958 Restat
484 2906 517 2959 ut
549 2898 585 2959 ad
617 2915 669 2958 eos
696 2897 777 2957 locos
805 2900 975 2960 tractandos
1007 2910 1206 2982 transeamus,
1238 2902 1289 2978 qui

116 2993 316 3055 Ambrosiano
338 3004 390 3056 aut
411 2996 528 3075 perdito
552 3004 603 3056 aut
627 2994 826 3055 inextricabili
843 2995 984 3058 Palatinis
1007 2997 1078 3058 solis
1101 2996 1288 3058 exhibentur.

115 3090 182 3161 Qua
204 3094 235 3152 in
259 3111 292 3153 re
315 3111 443 3171 pronum
472 3101 518 3153 est
546 3094 705 3172 suspicari,
733 3091 917 3171 ubicumque
940 3092 1048 3161 Festus
1076 3113 1093 3153 a
1120 3093 1144 3153 P
1167 3095 1288 3172 grauius
1364 3140 1369 3147 .

115 3188 242 3268 differat,
265 3189 415 3250 Festinam
439 3193 619 3269 scripturam
642 3187 677 3249 ad
697 3187 922 3251 Ambrosianam
940 3194 1148 3253 recensionem
1164 3194 1287 3271 propius

114 3285 267 3367 accedere,
291 3290 317 3347 si
340 3288 460 3367 quidem
484 3304 574 3367 supra
601 3286 638 3347 de
661 3286 717 3347 hac
740 3304 773 3346 re
802 3296 883 3349 recte
908 3289 1134 3369 disputauimus.
1175 3288 1285 3349 Firma·

114 3390 166 3443 tur
190 3376 294 3444 autem‘
312 3385 384 3446 baec
408 3388 539 3464 suspicio
563 3384 713 3445 nonnullis
736 3383 819 3464 locis,
843 3403 972 3463 quorum
995 3388 1144 3465 scriptura
1167 3383 1286 3445 Festina

113 3498 131 3539 a
159 3479 300 3541 Palatinis
332 3501 367 3543 eo
400 3482 488 3543 modo
521 3482 632 3561 differt,
665 3499 724 3559 quo
758 3484 949 3542 recensiones
982 3484 1008 3542 A
1040 3492 1070 3542 et
1096 3480 1120 3540 P
1147 3484 1226 3541 inter
1254 3499 1286 3539 se

5 3620 7 3623 -
113 3576 235 3639 differre
259 3577 397 3639 uidimus.
439 3580 477 3639 Hi
500 3588 599 3640 autem
622 3578 680 3639 loci
704 3578 740 3637 de
761 3578 870 3656 quibus
887 3583 1017 3659 primum
1036 3578 1120 3639 nobis
1139 3578 1285 3657 agendum

113 3682 169 3755 est,
193 3682 276 3737 sunt:
299 3675 389 3736 Poen.
408 3676 457 3757 lll,
483 3675 510 3757 1,
533 3674 585 3756 27,
607 3675 690 3736 Paul.
713 3694 742 3753 p.
757 3672 813 3736 97:
841 3678 1029 3752 Grallatores
1052 3678 1286 3754 appellabantur

106 3775 301 3849 pantomimi,
330 3778 391 3853 qul,
414 3782 447 3835 ut
471 3778 502 3835 ln
529 3777 691 3835 saltatione
720 3776 915 3834 imitarentur
941 3777 1129 3852 Aeaipauas,
1157 3774 1286 3834 adlectus

107 3873 239 3945 perticis
258 3869 402 3945 furculas
429 3872 610 3931 habentibus
637 3876 727 3945 atque
755 3875 786 3931 ln
814 3875 861 3933 lu‘s
883 3879 1098 3949 superstantes,
1122 3874 1158 3933 ob
1181 3874 1284 3931 similt-

112 3968 248 4025 tutltnem
271 3984 399 4027 crurum
422 3971 488 4028 elus
510 3970 648 4041 ueneris,
669 3971 905 4046 erudiebantur,
928 3974 1033 4045 utique
1051 3976 1179 4046 propter
1202 3966 1282 4042 diffi-

111 4066 255 4123 cultatem
279 4066 470 4125 consistendi.
495 4067 637 4125 Plautus:
663 4066 833 4129 Vinceretts.
858 4086 952 4127 cursu
981 4087 1093 4129 ceruus
1116 4074 1147 4129 et
1165 4069 1281 4141 prallu-

111 4166 208 4219 torem
233 4164 345 4235 prada.
391 4160 476 4240 Apud
504 4160 685 4240 Geppertum
713 4163 761 4225 hic
790 4183 898 4225 uersus
926 4168 1055 4246 scriptus
1084 4174 1141 4227 est:
1177 4166 1281 4225 Vince-

110 4258 186 4316 retls
209 4272 332 4318 cernam
360 4274 455 4317 cursu
481 4260 533 4317 uel
559 4261 746 4321 clamatorem
771 4265 884 4337 prada.
929 4262 1008 4324 Haec
1037 4266 1116 4324 enim
1142 4266 1174 4323 in
1197 4264 1281 4325 codd.

109 4361 241 4435 exstant,
278 4355 336 4413 nisi
369 4352 448 4432 quod
480 4352 503 4412 B
536 4362 566 4415 et
597 4360 782 4420 elabatorem
820 4359 841 4420 C
875 4368 900 4423 ,τ
928 4364 1119 4437 alabatorem
1149 4361 1300 4441 praebet..

110 4450 206 4511 Totus
230 4468 337 4511 uersus
361 4453 449 4511 etiam
472 4451 549 4530 apud
574 4452 734 4517 Varronem
761 4450 812 4540 (de
834 4457 904 4538 ling.
925 4457 974 4522 lat.
992 4455 1057 4519 350
1077 4453 1142 4545 Sp.)
1165 4462 1281 4524 inueni·
