3192 5209
587 406 823 489 3-2013

125 590 174 669 qui
206 590 282 668 apud
311 590 431 650 Festum
465 596 548 671 sunl,
587 608 679 650 sinum
712 596 827 651 lantum
860 594 1085 668 commemoret,
1117 592 1168 647 aut
1200 600 1291 647 33313

124 688 204 746 illum
234 704 370 769 uersum,
398 705 486 767 them
511 681 617 748 Festus
645 679 777 767 exhibet,
807 679 907 748 uerbis
930 680 987 768 eis,
1016 706 1091 767 quae
1121 679 1156 745 ad
1188 696 1292 744 uocem

123 785 323 863 explicandam
337 788 486 865 superllua
503 785 694 863 uidebantur,
717 788 835 845 omissis
855 788 965 845 3113331.
1012 785 1076 846 Η33
1097 788 1248 864 pertinent
1263 784 1293 844 hi

124 883 192 944 loci:
228 880 254 943 1.
278 882 342 945 Cas.
366 883 405 964 ll,
430 883 464 964 8,
489 882 516 944 7.
547 883 625 943 Fest.
650 903 676 961 p.
703 879 765 943 165
789 902 811 943 s.
833 903 860 943 u.
884 883 978 962 Nepa:
1006 879 1180 963 [Recessim
1214 885 1293 943 daho

123 978 185 1062 me]
210 985 253 1042 acl
272 986 429 1058 parietem,
454 977 622 1061 imita[dor
650 978 785 1061 nepam]
823 981 904 1041 Paul.
929 1001 956 1061 p.
973 979 1049 1042 164:
1073 984 1160 1041 Dabo
1183 999 1230 1041 ma
1253 983 1296 1040 acl

121 1084 271 1156 parietem
304 1083 444 1141 imitabor
478 1097 594 1155 nepam.
629 1112 671 1121 -—
702 1078 731 1140 2.
759 1079 843 1158 Epid.
868 1076 942 1140 620.
971 1078 1047 1139 Fest.
1076 1094 1104 1157 p.
1128 1074 1193 1139 273
1217 1095 1293 1138 su.

70 1173 73 1179 ’
122 1179 195 1240 11331
225 1178 345 1238 celeris:
380 1179 442 1239 Sed
467 1182 535 1253 quis
563 1182 640 1239 haec
668 1186 713 1238 est
744 1173 873 1257 [mulier
900 1185 930 1236 et
952 1180 1002 1236 ille
1024 1181 1199 1237 ravistellus
1222 1169 1293 1256 qui]

122 1282 214 1337 uenit.
260 1276 340 1336 Paul.
362 1294 388 1353 p.
409 1273 488 1336 272:
523 1279 595 1348 (luis
618 1279 695 1336 llaec
719 1284 765 1344 est
786 1280 894 1336 mulier
918 1278 1020 1335 atille
1042 1278 1218 1334 ravistellus
1241 1278 1295 1349 qui

122 1380 213 1435 uenit.
237 1407 280 1415 -—
310 1372 337 1433 3.
362 1372 419 1432 llil.
444 1368 521 1434 581.-
546 1373 623 1432 Fest.
648 1393 675 1452 p.
700 1370 760 1433 169
791 1393 814 1435 3.
838 1393 867 1433 u.
891 1369 993 1434 Nassa:
1027 1374 1196 1449 Numquam
1225 1375 1294 1432 her-

122 1478 188 1534 cule
211 1492 251 1532 33
273 1476 332 1532 ista
361 1490 452 1531 nasso
476 1474 566 1532 hodia
589 1490 644 1545 cao
668 1490 768 1531 escam
788 1479 899 1548 petam.
945 1470 1025 1531 Paul.
1051 1491 1077 1549 p.
1105 1468 1180 1532 168:
1212 1463 1294 1530 Nun-

122 1590 212 1647 quam
244 1589 284 1631 en
304 1574 362 1630 ista
387 1588 479 1629 nassa
503 1573 593 1631 hodia
624 1588 679 1644 eoo
711 1588 812 1630 escam
841 1577 951 1646 petam.
981 1602 1025 1610 -
1057 1567 1087 1628 4.
1115 1570 1197 1629 Pers.
1221 1566 1295 1629 347.

120 1670 197 1730 Fest.
222 1688 250 1747 p.
274 1666 339 1728 294
362 1688 385 1727 s.
408 1688 436 1727 u.
462 1666 612 1728 Sublesta:
641 1669 691 1728 Aa
713 1675 926 1743 paupertatem
952 1671 981 1727 si
1008 1671 1183 1743 immiorant
1216 1667 1295 1742 infa-

121 1772 207 1849 miae,
229 1771 362 1842 pronior
381 1774 550 1843 paupertas
571 1771 615 1840 fit,
636 1769 714 1839 fides
737 1768 905 1826 sildlestior.
952 1765 1033 1825 Paul.
1058 1785 1085 1844 p.
1110 1762 1190 1825 295:
1216 1767 1294 1824 Gra-

121 1870 190 1926 uior
212 1872 381 1941 paupertas
401 1868 446 1937 lit,
467 1866 544 1937 rides
568 1866 735 1924 sublestior.
751 1899 794 1905 —
818 1860 847 1925 5.
872 1864 977 1924 Pseud.
993 1860 1067 1925 964.
1091 1862 1169 1923 Fest.
1185 1882 1211 1941 p.
1233 1860 1296 1923 174

121 1982 191 2024 33.
215 1961 364 2023 Nobilem:
396 1964 568 2035 Pereprina
593 1960 694 2036 socies
722 1965 846 2022 uidetur
874 1965 1002 2023 hominis
1030 1969 1122 2037 atque
1145 1964 1296 2035 ionohilis.

120 2062 200 2121 l'aul.
225 2081 251 2139 p.
279 2057 355 2120 175:
383 2062 556 2143 ueremini
577 2058 677 2134 socies
701 2068 792 2135 atque
817 2063 965 2135 ionalilis.
992 2093 1029 2102 -
1057 2057 1086 2120 6.
1110 2060 1198 2120 Τ333.
1219 2057 1293 2119 271.

121 2160 198 2219 Fest.
221 2179 249 2238 p.
273 2155 338 2219 302
362 2176 384 2218 s.
405 2175 433 2216 u.
454 2156 598 2217 ¹Suasum:
636 2159 714 2229 (luia
744 2160 802 2218 tibi
827 2178 918 2219 suaso
946 2158 1081 2233 infecisti
1105 2161 1295 2235 propudiosa

118 2262 275 2335 pallulam.
322 2254 402 2315 Paul.
425 2274 453 2333 p.
478 2251 557 2314 303:
587 2255 684 2314 Suasa
713 2255 848 2331 infecisti
865 2260 1054 2333 propudiosa
1073 2261 1229 2333 pallulam.
1253 2289 1297 2297 -

121 2355 148 2417 7.
178 2354 357 2414 Friuolariae
386 2365 414 2413 3.
444 2351 521 2411 Fest.
549 2371 576 2430 p.
601 2349 664 2411 301
697 2372 719 2411 s.
745 2372 771 2413 u.
803 2353 907 2413 Sultis:
945 2356 1114 2429 Sequimini
1150 2373 1196 2415 me
1234 2358 1294 2414 leuc

118 2458 203 2514 sultis
227 2456 359 2526 lapiones
383 2468 483 2511 omnes
507 2454 682 2510 quernae·
710 2451 791 2512 Paul.
815 2471 843 2530 p.
868 2449 946 2513 300:
976 2454 1144 2527 Sequimini
1166 2472 1212 2513 me
1235 2455 1295 2512 hac

119 2556 214 2614 sultis.

207 2650 302 2709 Vnus
327 2654 419 2707 restat
442 2646 557 2725 loeus,
581 2646 631 2707 ubi
650 2646 759 2706 Paulus
783 2651 951 2725 guanilonem
970 2651 1163 2709 mutationem
1183 2650 1291 2708 iecisse

120 2750 248 2828 uidetur,
273 2746 336 2806 Cas.
351 2745 397 2824 lv,
421 2742 451 2824 3,
476 2742 493 2803 7
519 2762 607 2823 quem
632 2763 700 2803 cum
725 2744 832 2805 Festus
857 2740 898 2825 (p.
914 2740 994 2828 277)
1018 2750 1047 2805 iu
1072 2746 1151 2806 huxm
1175 2747 1295 2807 modum

119 2846 269 2906 exhibeat:
298 2847 374 2903 Nam
402 2845 477 2917 quid
505 2845 576 2903 illae
604 2861 686 2903 nunc
715 2850 776 2901 tam
805 2847 953 2905 diuinitus
981 2852 1177 2905 remorantur
1201 2864 1294 2906 reme-

117 2950 241 3025 traines,
276 2942 385 3002 Paulus
422 2940 494 2999 haec
535 2939 672 3017 praebet:
692 2958 693 2961 ¹
715 2942 795 3011 Ouid
830 2961 913 3002 nunc
948 2948 1019 3003 illae
1053 2951 1114 3003 tam
1150 2938 1298 3004 diuinitus

117 3050 315 3103 remorantur
344 3042 542 3112 remelipincs
591 3037 647 3096 Sed
677 3040 702 3096 si
735 3038 813 3115 apud
842 3039 964 3099 Paulum
999 3060 1105 3101 uncem
1140 3044 1297 3121 diuinitus,

117 3159 206 3220 quiam
239 3156 321 3199 mero
355 3136 438 3213 lapsu
470 3126 577 3193 ¹calami
605 3135 682 3212 apud
708 3135 828 3194 Festum
857 3155 911 3214 pun
945 3147 1024 3198 33313
1059 3140 1205 3217 scriptura
1239 3142 1293 3198 diu
1376 3152 1380 3158 '

117 3244 198 3299 intus
228 3246 322 3296 urtam
348 3252 412 3294 esse
437 3242 572 3312 apparet,
602 3241 750 3291 seruatam
775 3252 841 3293 esse
866 3236 1082 3315 reputabimus,
1107 3221 1155 3297 uix
1181 3235 1294 3295 dubita·

115 3336 223 3415 bimus,
248 3336 319 3413 quin
344 3352 360 3391 3
383 3328 466 3389 Ρ3311
490 3327 620 3387 librariis
649 3346 739 3389 33333
763 3350 846 3391 riunc
870 3342 899 3393 et
924 3338 996 3395 illuc
1018 3343 1201 3413 permutatas
1227 3353 1294 3393 esse

115 3442 265 3513 putemus.

207 3531 304 3601 thare
330 3537 362 3587 ut
385 3525 519 3585 breuiter
544 3524 831 3603 comprehendamus
855 3550 930 3609 quae
955 3532 991 3590 de
1015 3531 1097 3590 Pauli
1123 3533 1296 3609 lragmentis

116 3629 263 3689 Plautinis
288 3645 323 3685 ex
347 3625 427 3683 Festi
451 3621 526 3681 libra
551 3620 664 3679 haustis
689 3628 857 3705 3131311333,
883 3628 955 3688 haec
980 3637 1066 3688 sunt:
1194 3693 1201 3700 ,

210 3726 236 3785 l.
265 3724 443 3801 Saepissime
478 3718 555 3797 apud
580 3718 713 3799 Paulum,
746 3723 797 3783 ubi
831 3728 907 3805 apud
937 3726 1058 3786 Festum
1089 3728 1210 3785 luerunt
1244 3725 1300 3784 loci

115 3826 262 3903 Plautini,
291 3840 387 3899 neqxxe
416 3836 507 3879 33333
544 3835 639 3894 neque
668 3823 787 3881 numine
817 3834 921 3902 poetae
950 3824 1063 3884 adiecta
1096 3842 1176 3882 mera
1205 3823 1301 3901 glossa

114 3931 221 3983 exstat.
268 3921 338 3981 lude
369 3922 514 4002 ellicitur,
548 3933 581 3982 ut
610 3922 695 3983 nohis
726 3926 813 3983 etiam
842 3914 914 3973 alias
937 3922 1048 4000 glossas
1075 3920 1158 3981 Pauli
1186 3923 1302 3980 etiamsi

116 4038 226 4080 nomeu
262 4018 358 4079 Plauti
393 4022 535 4080 omissum
569 4030 627 4103 est,
665 4023 701 4081 ad
736 4016 833 4081 Plauti
872 4037 978 4079 uersus
1014 4020 1127 4080 3313333
1161 4030 1190 4080 31
1223 4021 1300 4099 apud

113 4118 239 4177 Festum
271 4116 319 4175 331
343 4116 440 4177 133333
465 4122 569 4197 ipsum·
587 4120 634 4178 uel
659 4128 740 4179 33313
765 4117 861 4177 ΡΙ3311
885 4136 992 4177 nemen
1018 4120 1167 4179 exstitisse
1191 4128 1297 4197 putare

114 4216 213 4275 liceat.

204 4310 233 4373 2.
264 4312 308 4373 Ex
335 4316 377 4373 eis
401 4313 475 4373 locis
499 4313 549 4375 uhi
574 4318 731 4395 utriusque
756 4324 786 4375 ct
810 4305 945 4374 Festi'et
967 4313 1051 4373 Pauli
1073 4314 1185 4374 librum
1212 4314 1300 4375 habe-

106 4430 190 4490 mus,
225 4418 311 4489 patet
352 4411 484 4471 Paulum
526 4413 560 4473 ad
601 4413 727 4473 uerbum
763 4413 885 4473 Festum
923 4422 1060 4473 secutum
1099 4431 1164 4472 esse
1204 4430 1302 4491 neque

105 4530 146 4572 ex
178 4512 226 4570 sui
255 4512 401 4591 temporis
430 4511 534 4571 todice
565 4511 693 4593 quandam
726 4521 777 4572 aut
805 4513 903 4593 ipsum
937 4530 1045 4572 333333
1074 4510 1222 4571 addidisse
1251 4520 1301 4572 aut
