3192 5209
732 468 770 479 -
820 432 971 497 242-

356 592 436 656 Idem
459 595 507 655 hic
526 595 609 655 locus
637 598 789 657 inuenitur
810 597 887 675 apud
906 580 1108 674 Festum,'qui
1127 614 1153 674 q.
1176 593 1238 657 198
1258 614 1281 655 e.
1302 614 1329 656 u.
1349 596 1446 676 Optio

264 692 337 753 haec
356 693 491 772 praehet:
515 742 629 755 .....
649 696 777 755 Plautus
801 698 833 753 m
855 697 1016 755 Asinaria:
1044 692 1111 766 Ouo
1134 712 1193 768 me,
1217 712 1278 768 qua
1301 713 1446 767 umorem,

265 809 325 865 quo
349 798 380 851 tu
399 809 523 851 seruum
547 793 699 853 Sauream
719 802 820 871 potes,
849 795 1058 867 circumduce,
1088 791 1193 867 cosor,
1217 797 1360 868 promitto
1383 796 1450 854 tibi

263 906 323 949 mon
346 887 537 968 obfuturum,
567 893 595 949 εἰ
622 894 655 949 id
681 892 837 965 effeceris,
866 892 922 950 dot
948 894 1096 965 optionem
1127 893 1235 950 sumito
1264 890 1445 951 Leonidam,

264 984 372 1046 Contra
409 986 586 1047 Muellerum
623 995 767 1049 commate
801 997 868 1067 post
905 987 1032 1047 uerbum
1069 989 1209 1062 effeceris
1241 992 1337 1066 posito
1369 1007 1445 1050 cum

264 1080 417 1144 codicibus
450 1085 507 1143 ttot
532 1083 567 1143 ad
596 1088 761 1163 proximum
795 1102 918 1145 uersum
950 1086 1060 1146 rettuli.
1122 1087 1218 1164 Atque
1252 1104 1326 1164 quae
1358 1087 1445 1166 apud

263 1179 385 1241 Festum
411 1190 494 1261 sunt,
523 1185 548 1241 si
577 1201 644 1243 cum
668 1183 751 1242 codd.
776 1200 995 1263 comparamus,
1022 1186 1151 1261 primum
1178 1185 1209 1243 in
1233 1187 1321 1245 tertio
1346 1202 1444 1245 uersu

263 1277 433 1357 haeremus:
467 1281 532 1339 Nom
565 1279 740 1356 obfuturum
771 1284 800 1339 si
831 1283 865 1340 id
894 1281 1044 1354 effeceris.
1095 1280 1225 1360 Apparet
1257 1284 1336 1342 enim
1367 1300 1445 1342 eum

264 1394 385 1435 uersum
409 1377 529 1455 plenum
553 1395 612 1437 non
637 1396 713 1457 esse,
736 1377 788 1437 sed
808 1376 917 1455 aliquid
946 1378 1099 1438 excidisse.
1142 1379 1238 1457 Atque
1259 1397 1295 1439 ne
1319 1380 1445 1439 codices

1158 1484 1177 1511 at

263 1526 383 1605 quidem
407 1526 487 1605 quod
507 1525 661 1588 exhibent:
684 1527 755 1589 Bst'
775 1531 866 1589 hodic
889 1530 1037 1603 effeceris,
1057 1528 1081 1587 ll
1099 1532 1139 1589 sit
1161 1532 1259 1603 dedic,
1283 1528 1445 1590 Osbernus

262 1622 331 1686 1133
355 1624 377 1685 F
396 1630 424 1685 so'
442 1629 476 1686 t'd
492 1628 591 1701 hodie,
615 1624 638 1684 Ε
661 1628 702 1686 sit
723 1628 814 1686 oooto
837 1636 952 1686 rectum
976 1634 1031 1707 est,
1059 1646 1127 1686 cum
1160 1646 1225 1687 eam
1249 1629 1445 1706 scripturam,

263 1724 405 1803 adquam
430 1724 502 1783 haec
527 1724 624 1784 omnia
649 1723 747 1783 redire
767 1724 917 1805 uidentur,
939 1727 968 1783 si
990 1727 1023 1784 t'd
1043 1727 1134 1785 leodic
1156 1726 1306 1800 effeceris,
1330 1728 1356 1784 si
1379 1735 1443 1784 sta-

263 1829 425 1902 tueremus,
448 1820 560 1881 hiatum
584 1821 846 1901 admittivnecesse
876 1830 963 1881 esset.
1010 1820 1108 1893 Quare
1136 1821 1215 1882 hunc
1245 1822 1342 1882 locum
1368 1841 1444 1883 cum

261 1937 336 1996 opus
366 1917 520 1979 uideretur
548 1926 678 1998 mutare,
710 1918 811 1977 multis
846 1918 1011 1979 rationibus
1044 1922 1102 1979 uiri
1130 1920 1209 1980 docti
1239 1938 1342 1979 sanare
1376 1930 1444 1980 stu·

262 2015 401 2077 duerunt.
449 2014 507 2075 Sed
540 2016 661 2095 longum
689 2025 735 2076 est
767 2016 823 2075 hoc
852 2015 917 2075 loco
946 2034 1049 2076 omnes
1077 2019 1264 2095 coniecturas
1294 2018 1331 2077 ad
1358 2018 1446 2077 hunc

262 2131 383 2174 uersum
417 2113 579 2174 sanandum
615 2117 781 2193 propositas
805 2115 925 2193 afferre,
955 2133 1028 2193 quas
1057 2133 1160 2174 omues
1183 2115 1260 2193 apud
1285 2114 1444 2174 Goetzium

261 2211 442 2271 inuenimus‚
484 2211 647 2272 Lenissima
676 2212 747 2271 milri
776 2229 810 2270 ea
840 2211 974 2291 uidetur,
1006 2230 1063 2289 qua
1094 2210 1251 2290 Ussingius
1279 2211 1349 2271 huic
1371 2210 1444 2270 loco

262 2308 426 2370 consuluit:
450 2312 479 2370 st'
493 2319 524 2370 tu
542 2313 575 2371 id
591 2313 682 2371 hodie
706 2311 855 2384 effeceris,
870 2327 958 2388 quam
982 2312 1069 2369 etiam
1089 2309 1228 2369 Goetzius
1252 2319 1282 2369 et
1300 2307 1444 2369 Loewius

260 2407 291 2463 in
319 2415 433 2466 textum
461 2416 650 2486 receperunt.
695 2406 820 2467 Maxime
850 2416 947 2467 autem
981 2408 1104 2467 ollendit
1132 2408 1211 2486 quod
1242 2407 1301 2466 duo
1329 2424 1443 2466 uersus

260 2507 291 2565 in
316 2505 400 2565 codd.
423 2503 534 2564 Libano
560 2505 662 2564 tributi
687 2498 752 2586 (99.
780 2497 858 2586 100)
891 2504 967 2583 apud
992 2504 1113 2565 Festum
1145 2507 1247 2564 omissi
1271 2512 1349 2564 suut,
1396 2502 1442 2561 lle

261 2621 319 2681 qua
352 2622 384 2662 re
413 2605 587 2681 priusquam
621 2621 755 2683 agamus,
796 2621 938 2662 uersuum
966 2602 1085 2663 illorum
1114 2603 1319 2662 condicionem
1348 2600 1443 2680 paulo

260 2699 432 2779 diligentius
456 2703 604 2779 inspicere
625 2699 728 2779 placet.
775 2699 879 2778 Neque
903 2703 932 2758 in
956 2703 1055 2779 priore
1080 2701 1241 2779 quidquam
1264 2701 1443 2759 offensionis

260 2800 350 2880 inest,
374 2798 448 2858 alter
473 2816 547 2858 uero
572 2796 820 2876 quemadmodum
845 2800 875 2856 in
899 2797 1051 2859 codicibus
1075 2800 1202 2859 traditus
1227 2806 1286 2871 cst,
1312 2815 1443 2875 prorsus

260 2893 402 2954 abhorret
434 2914 449 2955 a
485 2914 628 2956 uersuum
660 2895 867 2955 Plautiuorum
901 2898 1023 2956 ratione.
1078 2894 1227 2956 Exhibent
1258 2898 1337 2955 enim
1370 2892 1442 2953 Bo:

265 2994 381 3052 Ueneri
412 3001 512 3053 cutem
545 3002 611 3053 rote
639 2984 739 3053 ioculo
768 2997 799 3052 m
828 2996 925 3054 medio
953 2998 1041 3053 mort.
1096 2993 1195 3064 Quare
1224 2992 1441 3054 Fleckeisenus

259 3099 379 3169 praeter
412 3108 605 3151 numerorum
639 3092 827 3169 asperitatam
861 3094 991 3151 olleusus
1026 3094 1113 3150 etiam
1143 3093 1310 3151 coniunctis
1334 3089 1440 3150 uerbis

259 3195 324 3247 rete
357 3192 491 3249 duculum
525 3187 716 3247 scribendum
756 3206 822 3245 esse
856 3189 985 3247 censuit:
1022 3197 1051 3248 et
1083 3192 1196 3249 memori
1226 3196 1326 3261 cutem
1363 3191 1439 3247 reti-

259 3288 328 3344 culo
361 3294 411 3346 aut
445 3294 475 3346 et
506 3289 619 3346 nemori
652 3294 754 3345 eutem
788 3287 918 3345 ioculod.
965 3283 1024 3344 Sed
1057 3305 1126 3345 cum
1158 3290 1245 3346 etiam
1279 3285 1366 3345 Truc.
1393 3281 1439 3345 35

259 3384 419 3443 coniuncta
449 3386 642 3443 inueniantur
666 3383 758 3442 uerba
782 3390 848 3442 reto
871 3386 1012 3463 loculum,
1044 3386 1075 3442 in
1106 3386 1149 3444 eis
1173 3404 1232 3443 non
1256 3383 1350 3444 solum
1376 3399 1438 3441 non

259 3488 306 3541 est
342 3479 539 3562 haerendum,
579 3481 629 3540 sed
669 3483 756 3541 etiam
793 3480 940 3559 efficitur,
978 3490 1011 3541 ut
1047 3480 1184 3542 Plautum
1221 3482 1277 3541 hoc
1314 3499 1437 3559 quoque

260 3577 325 3638 loco
365 3597 398 3638 ea
435 3581 625 3639 coniunxisse
663 3587 811 3657 putemne.
873 3577 935 3647 Qua
973 3578 1010 3636 de
1043 3598 1131 3639 causa
1169 3582 1257 3639 etiam
1293 3578 1437 3658 Langenii

259 3678 432 3736 coniectura
465 3695 520 3755 per
553 3695 584 3736 se
617 3676 816 3755 pulcherrima
850 3675 999 3734 reicienda
1028 3686 1082 3756 est,
1115 3679 1166 3755 qui
1190 3676 1321 3737 scribere
1356 3675 1437 3736 uult:

257 3822 400 3838 ......
420 3792 466 3835 me
486 3778 607 3850 piscari
629 3777 660 3833 t'o
684 3792 758 3834 uere
779 3769 790 3852 ΙΙ
808 3774 887 3847 Reti,
908 3775 1008 3833 ioculo
1032 3783 1133 3833 cutem
1155 3777 1268 3835 memori
1285 3778 1317 3834 m
1335 3777 1436 3833 medio

258 3876 349 3933 mori,
371 3872 533 3952 Propterea
544 3871 705 3931 Hermenui
721 3874 908 3951 scripturam,
928 3888 1015 3947 quam
1032 3874 1119 3930 etiam
1135 3872 1272 3932 Goetzius
1286 3871 1436 3950 probauit,

258 3973 332 4032 Reti
353 3978 453 4032 autem
478 3974 578 4030 ioculo
602 3973 715 4030 menori
741 3973 772 4028 m
801 3972 898 4029 medt'o
926 3973 1009 4029 mori
1035 3969 1207 4047 praeferam.
1254 3969 1318 4029 lluo
1343 3971 1436 4047 igitur

244 4069 300 4130 «illi
316 4088 422 4129 uersus
446 4087 514 4128 cum
534 4087 569 4127 eo
592 4068 657 4127 loco
681 4065 732 4127 ubi
748 4060 785 4126 ¹in
811 4066 895 4127 codd.
920 4074 1038 4127 exstant
1060 4067 1138 4146 apud
1161 4068 1282 4127 Festum
1306 4085 1366 4127 non
1391 4070 1435 4127 in-

258 4170 432 4247 ueniantur,
462 4168 615 4245 quaeritur
644 4174 746 4225 utrum
774 4183 844 4224 casu
879 4164 928 4224 uel
951 4164 1028 4244 apud
1053 4162 1174 4224 Festum
1203 4165 1252 4225 uel
1275 4167 1332 4224 iam
1354 4165 1435 4243 apud

258 4264 396 4324 Verrium
413 4264 550 4325 Flaccum
565 4264 782 4342 interciderint,
806 4280 842 4320 an
867 4264 986 4321 omniuo
1010 4262 1087 4340 apud
1108 4281 1159 4321 eos
1178 4281 1236 4321 non
1256 4265 1436 4323 exstiterint.

258 4362 480 4422 Sententiarum
512 4360 601 4423 huius
633 4360 692 4420 loci
723 4378 855 4420 conexus
890 4358 938 4418 hic
976 4369 1034 4419 est:
1072 4360 1270 4419 Demaenetus
1307 4371 1340 4420 ut
1373 4359 1435 4419 lilio

258 4460 367 4521 amanti
389 4462 496 4541 uiginti
521 4462 615 4519 minas
639 4459 748 4537 quibus
771 4458 841 4517 huic
865 4477 940 4537 opus
964 4460 1004 4518 sit
1022 4468 1116 4538 paret,
1139 4457 1251 4518 Libano
1275 4459 1381 4519 suadet
1400 4468 1436 4518 ut
