3192 5209
743 397 981 461 -226-

277 561 428 623 iaciamus.
464 558 504 619 dc
528 557 688 619 Muellerus
713 560 832 637 quidem
856 578 892 621 ex
915 560 972 619 illis
995 559 1129 638 reliquiis
1152 578 1261 620 uersus
1283 560 1340 620 hoc
1359 560 1458 620 modo

278 660 422 718 restituit:
460 657 505 717 Ab
540 658 700 735 Hippolyte
731 652 975 737 succingul-]um
1006 652 1180 736 Hercules[
1208 676 1306 733 oeque
1337 674 1458 732 mopno

278 750 486 835 neu-]tiqaam
510 750 666 834 obstat-[lit
681 750 851 834 periculo]
897 753 1125 815 Concedendum
1150 762 1196 814 est
1218 758 1352 834 potuisse
1376 754 1459 815 baec

277 860 393 913 exstare
417 852 494 932 apud
518 852 648 933 Festum,
668 855 694 912 si
718 855 896 913 exteriorem
925 850 1087 913 uerborum
1110 861 1298 914 seruaturum
1321 853 1459 913 formam

276 951 461 1028 respicimus.
500 949 610 1011 Versus
632 960 740 1030 autem,
764 951 816 1028 qui
839 957 903 1010 tum
926 950 1065 1032 efficitur,
1090 948 1205 1011 duabus
1224 950 1458 1013 difficultatibus

276 1047 398 1109 laborat.
434 1047 568 1108 Primum
591 1049 669 1107 enim
693 1049 843 1108 Hercules
864 1046 1042 1126 dactylicum
1066 1066 1131 1108 esse
1155 1066 1214 1108 non
1237 1048 1315 1108 licet.
1350 1050 1458 1128 Atque

277 1147 393 1205 etiamsi
416 1144 539 1206 Hercies
567 1145 660 1204 iorma
688 1145 752 1205 aliis
779 1144 854 1205 locis
882 1147 993 1224 scripta
1022 1145 1142 1207 uidetur
1166 1146 1272 1229 fuisse,
1301 1156 1397 1207 tamen
1427 1146 1459 1204 si

277 1241 355 1302 aiiud
380 1242 545 1305 remedium
579 1242 677 1323 datur,
710 1261 775 1303 eam
799 1244 933 1321 recipere
968 1242 1108 1304 dubitem.
1155 1243 1266 1303 Deinde
1294 1246 1324 1304 in
1354 1242 1459 1304 uerbo

277 1342 453 1415 neutiquam
484 1338 674 1421 offendimus,
712 1340 791 1418 quod
824 1360 885 1405 non
918 1341 1076 1419 significat:
1114 1345 1196 1402 nullo
1228 1344 1328 1414 modo,
1362 1343 1459 1401 nullo

277 1440 407 1513 ratione,
430 1437 482 1497 sed
504 1439 605 1517 potius
628 1456 688 1498 aon
712 1442 809 1513 nimis,
832 1460 894 1503 non
916 1431 1046 1520 uoldc.¹)
1082 1437 1239 1498 Praeterea
1263 1437 1341 1516 apud
1360 1437 1457 1498 Plau·

278 1544 342 1595 tum
366 1552 484 1614 semper
506 1533 697 1595 scribendum
722 1544 810 1614 atque
830 1535 988 1619 legendum
1012 1553 1078 1596 esse
1102 1553 1140 1596 ne
1163 1538 1458 1613 utiquomconstat,

277 1632 357 1711 quod
389 1632 445 1693 boc
478 1651 569 1693 uersu
596 1632 793 1695 nullomodo
828 1636 893 1697 fieri
924 1642 1031 1713 potest
1083 1632 1208 1693 Versum
1241 1640 1339 1693 autem
1370 1631 1455 1691 adeo

279 1737 453 1808 corruptum
481 1732 532 1790 uix
560 1730 655 1790 codici
681 1730 722 1791 illi
752 1731 932 1815 tribuemus,
961 1750 1049 1812 quem
1078 1732 1181 1810 optimi
1209 1731 1326 1808 generis
1355 1729 1458 1789 inisse

278 1826 461 1906 paragrapho
494 1827 681 1889 antecedenti
712 1828 850 1891 uidimus.
900 1830 1023 1893 Accedit
1059 1828 1138 1907 quod
1175 1844 1302 1907 paruum
1335 1826 1460 1905 lapsum

281 1924 386 1984 caiami
409 1925 485 2003 apud
509 1923 630 2003 Festum
654 1926 678 1985 si
703 1928 874 2010 statuimus,
902 1930 1012 2009 optime
1036 1927 1132 1986 omnia
1156 1924 1310 2003 quadrant
1356 1923 1459 1985 Facil-
1500 1932 1507 1947 '

279 2021 347 2081 lime
372 2023 450 2082 euim
475 2021 548 2082 duas
576 2021 690 2083 litteras
717 2030 742 2082 tt
768 2042 805 2084 ex
833 2044 892 2085 una
915 2044 935 2085 η
959 2026 1032 2085 oriri
1053 2023 1187 2101 potuisse
1211 2040 1298 2081 nemo
1322 2021 1460 2103 negabit,

279 2122 455 2199 praesertim
479 2139 546 2181 cum
571 2138 604 2179 ea
628 2122 790 2181 mutatione
819 2141 931 2184 nouum
959 2122 1087 2184 uerbum
1112 2123 1249 2194 ntiquom
1272 2121 1462 2181 efficeretur.
1581 2115 1586 2184 ἑ

279 2217 507 2279 Restituendum
535 2220 626 2297 igitur
655 2226 713 2278 est:
746 2219 792 2279 Ab
820 2222 984 2298 Hippolyto
1012 2212 1255 2296 succingul-June
1283 2212 1468 2297 Hercules[
1581 2237 1585 2303 ;

278 2319 355 2376 boot
381 2334 478 2390 aeque
493 2334 612 2391 magno
634 2311 801 2396 effatorum
828 2314 985 2398 abeto-[lit
1011 2310 1180 2394 periculo]
1225 2315 1267 2374 Ac
1295 2317 1354 2375 iam
1383 2332 1461 2375 cum

280 2413 362 2473 Festi
381 2415 552 2473 testimonio
562 2412 696 2473 Lambini
716 2417 918 2476 coniecturam
937 2412 1158 2494 comprobatam
1178 2411 1339 2485 uideamus,
1362 2430 1459 2473 nemo

280 2529 349 2571 cum
371 2508 486 2570 Kochio
514 2510 550 2570 de
579 2510 672 2571 forma
700 2515 866 2574 uetustiore
890 2515 1060 2574 Herculeus
1087 2502 1274 2592 cogitabit2),
1302 2528 1389 2588 quam
1416 2518 1460 2569 ut

281 2609 392 2669 formas
415 2608 569 2669 Achilleus
597 2617 628 2667 et
658 2610 781 2671 Vltceus
810 2628 826 2669 a
849 2609 1033 2671 Buechelero
1061 2616 1162 2669 erutas
1185 2605 1289 2667 Plauto
1313 2606 1453 2667 uindicat

369 2704 434 2765 Huc
457 2707 608 2784 pertinere
630 2714 703 2784 puto
727 2708 816 2767 etiam
834 2708 923 2769 Fruc.
941 2706 1020 2788 213,
1039 2708 1090 2786 qui
1108 2722 1216 2766 uersus
1235 2704 1313 2784 apud
1332 2703 1459 2764 Schoel·

280 2803 352 2864 lium
376 2800 416 2862 ita
440 2802 561 2883 legitur:
589 2804 670 2864 Huic
698 2807 813 2865 bomini
842 2809 959 2866 amanti
980 2809 1102 2866 neniam
1124 2822 1191 2864 meo
1213 2821 1269 2863 ero
1292 2805 1378 2878 opud
1397 2818 1460 2863 nos

282 2904 361 2961 osuit
389 2902 427 2961 de
453 2902 546 2960 bonis.
592 2900 629 2959 B:
658 2902 694 2959 H.
718 2903 746 2961 b.
771 2906 889 2962 amanti
914 2920 997 2964 meer
1023 2898 1079 2979 op
1090 2920 1144 2962 nos
1171 2894 1280 2961 amaa*
1291 2893 1359 2961 dra?
1374 2902 1402 2960 d.
1425 2902 1458 2960 b.

282 2997 347 3057 cu:
370 2998 407 3057 H.
422 3000 450 3057 b.
475 3000 592 3057 omenti
613 3015 659 3057 me
682 3016 737 3059 era
761 3003 847 3075 opud
867 3018 921 3060 nos
945 3004 1025 3062 dicit
1047 3003 1168 3060 neniam
1192 3001 1220 3059 d.
1244 3000 1271 3058 b.
1312 2997 1349 3057 t:
1372 2998 1408 3057 H.
1423 3000 1458 3057 b.

281 3093 1018 3179 APV'FNOSMEAERAAMAN'FINNEIAMDIXI'F.
1047 3093 1153 3167 ‘Quem
1178 3114 1300 3156 uersum
1324 3114 1340 3155 a
1363 3094 1459 3156 Festo

282 3211 311 3271 p.
338 3188 399 3251 161
425 3210 447 3252 s.
471 3210 500 3252 u.
524 3191 634 3252 Naeuia
667 3192 718 3253 ubi
751 3192 825 3253 baec
857 3203 988 3254 exstant:
1020 3193 1115 3256 Idem:
1147 3192 1223 3253 Huic
1252 3191 1337 3269 bom[
1365 3190 1459 3269 ]dixit

283 3288 363 3349 domi
395 3296 424 3348 et
457 3287 508 3368 ap[
536 3288 627 3367 ]niam
662 3284 737 3350 esto'
770 3290 889 3351 allatum
922 3311 987 3352 esse
1019 3294 1133 3371 primus
1164 3292 1281 3370 putauit
1308 3290 1459 3350 Antonius

283 3385 476 3465 Augustinus.
522 3387 563 3447 dc
586 3388 659 3448 mibi
683 3407 802 3467 quoque
835 3391 892 3449 etsi
925 3389 1089 3450 Schoellius
1121 3406 1298 3468 magnopere
1332 3386 1457 3447 addubi-

282 3476 399 3566 taciti),
414 3484 468 3544 hae
488 3484 609 3546 iaciniae
633 3485 668 3546 ad
688 3486 770 3546 illum
789 3486 878 3547 Truc.
898 3504 1019 3547 uersum
1037 3488 1188 3566 pertinere
1208 3485 1356 3546 uidentur.
1394 3482 1456 3543 Sed

284 3600 358 3660 quae
393 3581 469 3660 apud
493 3581 669 3644 Muellerum
703 3585 812 3662 scripta
845 3585 1053 3664 inueniuntur,
1085 3584 1135 3644 uix
1168 3602 1275 3644 uersus
1303 3581 1457 3642 Plautinos

284 3678 469 3760 putabimuS,
497 3699 603 3741 uerum
631 3680 716 3741 aliter
746 3680 830 3741 locus
858 3679 906 3740 ilie
936 3680 1098 3761 explendus
1126 3689 1180 3741 est.
1227 3680 1268 3739 De
1299 3698 1357 3758 quo
1381 3678 1458 3740 mibi

285 3778 405 3856 qrridem
429 3786 510 3839 recte
534 3779 629 3856 egisse
654 3778 773 3839 uidetur
788 3776 906 3855 Sophus
921 3777 1061 3859 Buggius,
1085 3781 1136 3857 qui
1154 3812 1193 3821 -
1209 3775 1239 3837 id
1254 3777 1334 3856 quod
1358 3778 1456 3856 prius·

285 3894 373 3954 quam
396 3875 475 3936 illius
498 3875 534 3935 de
550 3876 604 3937 hac
620 3894 652 3936 re
668 3861 846 3937 sententiam
859 3893 1071 3957 cognoueram,
1094 3883 1125 3935 et
1144 3876 1207 3955 ipse
1222 3877 1396 3936 inueneram
1413 3907 1454 3918 --

287 3974 328 4032 sic
353 3972 543 4034 scribendum
567 3991 632 4033 esse
652 3975 782 4034 censuit:
807 3972 906 4032 Idem:
928 3972 1009 4033 Huic
1028 3968 1161 4052 bom[ioi
1178 3976 1296 4034 amanti
1312 3991 1379 4034 meo
1398 3991 1458 4033 era

286 4073 371 4146 opud
397 4089 450 4131 nos
478 4064 724 4151 noenichde'ait
752 4072 840 4131 domi.
872 4076 903 4129 ct
929 4065 993 4149 op[
1055 4068 1154 4140 Quare
1185 4089 1294 4132 uersus
1321 4089 1336 4129 e
1365 4070 1457 4131 Truc.

287 4166 392 4227 allatus
415 4169 445 4227 in
468 4167 594 4229 uerbum
619 4171 701 4229 domi
718 4168 836 4249 desinit,
859 4186 893 4227 ea
912 4175 1011 4229 autem
1030 4186 1105 4246 quae
1125 4175 1291 4247 sequuntur
1310 4166 1346 4226 ad
1364 4164 1456 4226 alium

287 4267 465 4343 scriptorem
487 4268 646 4349 pertinent,
672 4268 757 4327 cuius
781 4264 874 4325 uerba
896 4266 927 4326 in
949 4266 1093 4345 proximis
1112 4264 1197 4325 allata
1216 4263 1307 4324 fuisse
1325 4261 1457 4343 putanda

358 4393 384 4459 1)
405 4390 445 4448 cf.
464 4390 616 4446 Foreallini
634 4391 688 4447 lex.
707 4391 759 4447 sub
778 4409 813 4448 aa
830 4407 908 4448 uoce.
927 4423 961 4434 —
980 4394 1008 4462 2)
1025 4390 1126 4448 Rhein.
1144 4390 1215 4445 Mus.
1234 4389 1321 4460 XXV,
1340 4394 1401 4445 618.
1421 4421 1456 4430 -

286 4474 312 4543 3)
332 4471 372 4527 Of.
392 4472 452 4527 eius
470 4473 594 4526 annotat.
