3192 5209
594 412 748 476 -233
797 449 833 459 -

135 578 288 638 Recessim
311 580 418 638 cedam
441 576 563 637 offendit
586 563 783 657 Loewius¹)‚'
797 579 927 655 primum
955 576 1033 654 quod
1058 579 1200 637 recessim
1224 578 1300 639 cius-

134 674 201 735 dem
225 674 333 734 radicis
356 677 394 736 sit
417 685 504 755 atque
529 678 648 748 cedem,
678 671 785 732 deinde
814 674 893 751 quod
917 692 945 733 u.
972 671 1013 734 10
1036 674 1134 733 denuo
1158 672 1302 733 babemus

135 774 318 833 candidatus
342 775 423 833 cedit
444 776 495 833 bic
517 776 667 848 mastigia.
708 771 805 847 Atque
829 788 957 831 reuera
979 779 1102 851 propter
1126 770 1178 829 bas
1198 786 1302 830 causas

136 870 266 948 languidi
289 868 399 948 aliquid
422 872 453 930 in
476 869 533 930 hoe
556 870 621 931 loco
644 872 731 931 inest.
773 866 872 937 Quare
890 867 1027 928 Loewius
1050 870 1205 947 proposuit
1230 868 1302 927 scri-

133 966 264 1027 bendum
292 984 371 1028 esse:
403 968 556 1028 Recessim
584 971 682 1033 betam
713 962 791 1043 quod
820 964 946 1025 stillasse
974 983 1080 1025 uerum
1108 975 1161 1026 esl-
1207 964 1303 1035 Quam

134 1066 313 1144 scripturam
341 1067 366 1125 si
393 1068 551 1143 genuinam
579 1075 731 1145 putamus,
763 1072 835 1124 tunc
863 1074 964 1125 utrum
993 1063 1128 1123 codicum
1156 1082 1192 1123 an
1221 1062 1303 1122 Festi

134 1164 283 1223 recentior
307 1164 346 1223 sit
369 1161 511 1243 putanda,
534 1162 677 1223 dubitatio
701 1180 767 1223 esse
791 1180 851 1222 non
874 1169 981 1240 potest.
1028 1161 1126 1231 Quare
1149 1160 1206 1220 boc
1229 1176 1301 1239 quo-

134 1278 192 1338 que
215 1259 280 1320 loco
304 1260 480 1320 recentioris
502 1262 686 1321 recensionis
710 1262 858 1340 scriptura
882 1259 960 1339 apud
983 1259 1104 1319 Festum
1128 1256 1212 1317 allata
1236 1275 1301 1318 esse

132 1332 262 1417 uidetur.

222 1452 284 1523 tut.
310 1450 498 1534 rea-164,
525 1453 604 1514 Fest.
628 1472 655 1532 p.
680 1450 744 1515 238
774 1472 797 1515 s,
822 1474 851 1515 u.
874 1452 1046 1517 Postumus:
1075 1458 1146 1515 Post
1173 1458 1303 1515 medinm

132 1557 261 1613 aetatem
288 1554 342 1626 qui
363 1553 492 1613 medium
520 1554 606 1612 ducit
631 1569 759 1613 uxorem
783 1556 913 1629 domum,
945 1558 974 1614 si
995 1570 1062 1615 eom
1089 1572 1184 1613 senex
1210 1570 1303 1613 enum

128 1656 352 1726 praepotentem
372 1649 502 1725 fortuito
522 1649 643 1725 fecerit,
665 1652 741 1724 quid
766 1649 896 1724 dubites,
924 1654 997 1724 quin
1024 1655 1065 1711 sit
1087 1656 1234 1725 paratum
1257 1652 1305 1710 bis

132 1764 240 1808 nomen
264 1750 370 1822 pueris
398 1748 552 1807 Postumi?
597 1747 634 1807 P:
661 1749 761 1808 medie
790 1750 949 1807 ducit
974 1748 1106 1823 fortuitu
1207 1766 1303 1824 peru-

133 1852 196 1903 tum
219 1860 326 1904 nomen
346 1861 444 1919 puero
469 1843 634 1904 Postumus.
680 1844 776 1922 Atque
799 1846 930 1922 primum
954 1844 1073 1923 quidem
1097 1862 1219 1905 uersum
1241 1841 1305 1904 164

133 1947 163 2001 et
192 1940 268 2019 apud
298 1939 419 2000 Festum
447 1948 477 2001 et
505 1938 647 2002 in‘codd.
675 1942 785 2019 optime
818 1949 849 2000 et
881 1945 982 2002 sensui
1015 1951 1045 2002 et
1077 1950 1171 2003 metro
1202 1949 1303 2021 aptum

132 2056 198 2098 esse
223 2043 352 2116 apparet.
398 2036 500 2115 Neque
530 2040 609 2097 enim
632 2036 842 2098 offendendum
871 2040 929 2099 erit
956 2041 985 2099 in
1009 2042 1056 2099 bis
1075 2044 1195 2117 pueris,
1223 2038 1302 2117 quod

131 2135 210 2214 apud
238 2134 359 2195 Festum
393 2141 455 2215 est,
487 2153 554 2196 cum
582 2136 614 2193 in
643 2137 790 2195 sententia
822 2142 883 2195 tam
910 2134 1040 2214 generali
1072 2135 1148 2196 bene
1180 2134 1303 2215 pluralis

131 2251 276 2294 numerus
299 2234 422 2311 cogitari
444 2234 547 2311 possit.
593 2232 689 2310 Atque
713 2234 824 2310 optime
838 2232 1021 2312 intellegitur
1034 2236 1094 2308 bis,
1123 2234 1230 2294 idest:
1259 2236 1304 2293 eis

126 2334 244 2407 pueris,
268 2330 320 2408 qui
343 2347 358 2389 e
383 2330 570 2389 matrimonio
594 2332 674 2389 senis
698 2347 831 2408 anusque
860 2338 1066 2409 procreentur.
1112 2329 1210 2400 Quare
1234 2348 1303 2391 cum

131 2429 257 2507 cogitari
280 2445 339 2487 non
362 2428 458 2506 possit
481 2426 606 2487 alterum
631 2444 754 2489 uersum
777 2445 814 2486 ex
837 2426 931 2487 altero
954 2436 1129 2507 corruptum
1149 2446 1224 2511 esse,
1246 2426 1304 2487 boe

131 2542 251 2604 quoque
274 2524 340 2585 loco
363 2526 571 2585 recensionum
595 2523 825 2603 discrepantiam
852 2525 1010 2586 offendisse
1039 2526 1190 2607 uidemur,
1217 2542 1301 2605 prae·

132 2624 237 2682 sertim
261 2639 328 2682 cum
356 2621 427 2682 illud
453 2622 582 2698 fortuito
606 2616 749 2706 (fortuitu
773 2613 812 2703 Β)
840 2622 962 2683 eandem
991 2607 1179 2684 sententiam
1193 2622 1303 2683 fulciat.

222 2720 310 2782 Cure.
336 2716 412 2800 103,
441 2718 519 2781 Fest.
541 2738 570 2798 p.
594 2716 658 2781 258
687 2738 710 2779 s.
734 2737 762 2778 u.
787 2717 980 2789 Quadrantat:
1009 2722 1137 2781 Plautus
1165 2724 1196 2781 in
1228 2721 1302 2780 Cur-

132 2822 268 2879 culione:
287 2818 371 2877 Anus
389 2820 466 2877 beec
493 2820 565 2892 sitit,
589 2820 767 2893 quantillum
794 2820 877 2876 sitit?
904 2820 1024 2879 modice
1048 2826 1099 2894 est,
1123 2822 1207 2895 capit
1228 2834 1302 2893 quu-

130 2919 264 2977 drentut.
309 2914 391 2975 Paul.
413 2934 442 2993 p.
465 2909 530 2975 259
553 2916 638 2976 Anus
660 2918 739 2976 baec
760 2918 832 2975 sitit.
864 2920 1044 2990 quantillum
1066 2920 1150 2977 sitit?
1182 2918 1303 2976 modice

100 3030 104 3038 ·
132 3020 185 3087 est,
210 3016 295 3090 cupit
315 3013 511 3088 quadrantal.
557 3010 647 3071 Codd.
671 3013 743 3072 Sitit
763 3014 842 3073 boec
864 3030 942 3073 unus
965 3032 990 3073 e.
1006 3032 1033 3093 q.
1048 3032 1071 3073 s.
1117 3014 1302 3092 Quamquam

133 3128 208 3190 quae
240 3112 391 3171 intersunt
427 3110 506 3170 inter
533 3106 655 3169 Festum
688 3108 865 3188 codicesque
898 3109 976 3171 baud
1004 3112 1045 3171 ita
1083 3113 1185 3189 grauia
1222 3119 1301 3191 sunt,

134 3216 223 3285 atque
254 3210 297 3267 eis
325 3206 361 3267 de
391 3205 499 3286 quibus
526 3206 622 3269 adbuc
650 3210 765 3287 egimus
793 3209 881 3289 loeis,
910 3217 1008 3269 tamen
1036 3207 1198 3269 uerborum
1221 3207 1299 3287 apud
1402 3281 1406 3285 .

134 3305 256 3368 Festum
281 3303 415 3365 ordinem
439 3322 499 3363 non
523 3322 607 3385 casu,
637 3306 687 3365 sed
719 3306 842 3368 consilio
871 3307 981 3367 factum
1006 3324 1072 3367 esse
1095 3314 1168 3386 puto
1190 3324 1241 3389 eo,
1267 3314 1308 3369 ut.

131 3404 226 3481 magis
253 3420 374 3463 normae
404 3401 607 3481 responderet.
655 3403 752 3474 Quare
782 3404 862 3482 quod
896 3403 932 3463 de
959 3402 1099 3465 uersibus
1126 3404 1301 3465 anteceden-

131 3498 213 3559 tibus
236 3500 348 3560 dictum
373 3509 432 3580 est,
461 3501 549 3559 etiam
573 3500 610 3559 de
633 3500 689 3562 boc
712 3502 799 3563 ualet.

220 3596 306 3656 Cure.
325 3594 401 3676 463,
423 3597 504 3657 Paul.
527 3617 556 3677 p.
573 3596 633 3660 101
657 3601 835 3675 Helenentu
857 3600 1013 3671 sienificat
1034 3602 1135 3660 omnio
1158 3604 1301 3661 mentien-

130 3701 198 3768 tem‚
222 3696 261 3755 ui
284 3710 328 3768 ee,
351 3696 433 3767 quod
452 3696 536 3755 belet
558 3700 667 3757 omnia.
700 3689 804 3773 ’Ἀλην
832 3698 911 3755 enim
942 3697 1056 3757 Graeci
1080 3693 1143 3775 τὴν
1168 3690 1302 3776 πλάνην

133 3795 167 3852 id
184 3798 229 3852 est
243 3789 407 3866 salientem,
427 3795 587 3866 appellent.
624 3793 882 3872 Biotopbontcm
900 3790 968 3874 [em
988 3812 1028 3854 ex
1046 3789 1120 3874 em],
1143 3794 1194 3853 ΕΖ
1217 3797 1300 3857 buto-

127 3890 285 3965 piantem,
308 3885 354 3944 El
377 3888 599 3963 belopbantem.
641 3888 754 3952 Nonius
781 3889 853 3969 120,
873 3888 892 3952 8
916 3890 1092 3966 Hetofente.
1133 3891 1300 3953 deauratis·

132 3988 206 4045 sime
229 3985 265 4044 de
288 3984 346 4043 hoo
369 3982 433 4043 loco
463 3986 525 4062 egit
553 3984 583 4045 C.
607 3986 640 4047 G.
663 3987 788 4049 Brandis
812 3982 864 4070 (de
892 3990 1071 4067 aspiratione
1099 3988 1188 4049 latina
1211 4007 1301 4069 quae-

131 4084 245 4144 stiones
268 4081 412 4161 selectae,
443 4079 541 4141 Bonae
567 4078 675 4168 1881).
722 4085 858 4147 Genuina
880 4085 903 4145 B
926 4085 1037 4146 codicis
1061 4088 1208 4165 scriptura
1232 4105 1299 4147 eum

132 4182 171 4241 sit
197 4180 423 4255 buiopbentem
451 4178 554 4239 collata
582 4177 666 4242 Pauli
693 4182 790 4261 glossa
820 4202 885 4245 eam
912 4184 1036 4243 formam
1065 4182 1150 4243 uerbi
1177 4188 1302 4260 uiopari
1409 4226 1414 4229 -

131 4270 182 4360 (de
212 4294 270 4355 quo
300 4274 367 4335 uide
396 4274 595 4339 Roeuschinm
623 4277 697 4339 Mus.
722 4279 816 4340 Rhen.
840 4279 974 4361 XXXIV,
1002 4276 1081 4361 632)
1110 4282 1300 4359 participium

134 4390 200 4433 esse
223 4379 316 4451 putat.
362 4370 459 4442 Quare
483 4372 566 4433 illum
590 4393 618 4435 u.
647 4378 690 4435 sic
715 4376 834 4439 scribit:
861 4378 1064 4454 [intepentem
1087 4396 1127 4437 en
1150 4396 1298 4455 synopen-

204 4482 230 4549 1)
250 4480 329 4535 Anu.
349 4486 409 4536 roe.
476 4518 478 4523 .
