3192 5209
759 414 998 476 -246-

291 576 434 637 feromiae
462 577 538 637 haud
560 576 684 637 multum
714 580 770 637 erit
799 577 1000 637 tribuendum.
1046 577 1162 636 Maximi
1194 586 1292 637 autem
1325 587 1372 638 est
1399 596 1470 637 mo-

292 677 382 734 menti
407 674 486 753 quod
510 676 588 735 bunc
613 695 734 736 uersum
754 679 784 755 si
808 675 859 737 ubi
878 683 973 734 exstat
993 674 1033 733 ibi
1051 676 1213 752 genuinum
1233 685 1371 753 putamus
1391 685 1471 736 tunc

292 792 358 832 cum
396 773 556 833 Ritscbelio
567 769 591 855 ¹)
630 783 660 834 ct
697 772 840 835 Lorenzio
877 774 1019 839 lacunam¹
1050 780 1180 833 statuere
1217 776 1312 833 coacti
1348 793 1472 834 sumus.

290 871 326 930 M.
350 869 502 931 Bnnuetus
530 865 661 950 autem2)
690 878 785 932 totum
814 890 935 933 uersum
969 873 1152 949 grammatici
1185 871 1310 932 alicuius
1343 874 1472 932 facetias

290 966 431 1028 scurriles
451 978 543 1046 putat.
572 972 612 1028 dc
637 989 707 1029 saue
731 970 828 1030 deleto
852 969 908 1029 hoo
932 988 1022 1030 rrersu
1048 986 1116 1029 cum
1135 971 1245 1047 optimc
1270 972 1368 1029 omnia
1392 987 1470 1047 qua-

290 1066 391 1144 drent,
414 1070 561 1127 sententia
586 1070 651 1127 eius
675 1068 759 1127 ualde
784 1066 1017 1126 commendatur.
1045 1098 1080 1106 -
1108 1066 1230 1125 Praeter
1252 1066 1307 1125 bos
1331 1066 1472 1145 singulos

289 1182 397 1223 uersus
422 1184 437 1223 a
458 1163 560 1225 Plauto
583 1164 794 1225 abiudicandos
819 1183 878 1224 uno
903 1164 967 1224 loco
990 1162 1216 1241 dittograpbiam
1240 1181 1358 1241 quoque
1387 1182 1473 1242 quae

290 1260 400 1320 dicitur
425 1262 500 1339 apud
526 1262 645 1322 Festum
669 1263 820 1322 offendere
846 1261 931 1321 nobis
950 1261 1096 1322 uidemur.
1142 1260 1196 1319 Est
1218 1260 1291 1319 haec
1315 1261 1395 1321 Asin.
1420 1257 1471 1320 96

291 1376 364 1437 sqq„
388 1377 545 1436 quosque
569 1358 672 1417 ordine
697 1359 872 1420 scribendos
896 1378 962 1418 esse
990 1366 1129 1437 putemus
1153 1364 1238 1417 antea
1261 1360 1472 1449 exposuimus.

290 1455 385 1525 Quem
411 1456 515 1516 borum
541 1475 683 1515 [uersuum
713 1456 846 1516 ordinem
877 1460 902 1516 si
927 1475 1032 1516 uerum
1056 1459 1273 1536 existimamus,
1301 1464 1373 1517 tunc
1401 1475 1471 1517 non

291 1556 390 1613 minus
414 1573 501 1631 quam
532 1556 556 1613 si
585 1572 659 1631 quae
689 1553 785 1614 adbuc
805 1557 915 1634 scripta
934 1556 1055 1613 trienmt
1076 1554 1256 1632 perlegimus
1274 1555 1472 1615 offendimus,

290 1649 432 1710 Versibus
456 1654 535 1710 onim
559 1648 690 1711 tte—98
714 1670 838 1729 prorsus
862 1652 964 1712 eadem
993 1661 1089 1711 exstat
1112 1654 1257 1712 sententia
1281 1660 1369 1730 atque
1394 1669 1472 1711 uer-

288 1748 371 1808 sibus
392 1745 564 1808 iot-tot
583 1742 770 1829 (Redi-mam).
805 1749 936 1809 Primum
952 1751 1031 1809 euim
1051 1759 1081 1808 et
1094 1748 1134 1807 ibi
1149 1757 1179 1808 ct
1198 1748 1245 1807 bio
1266 1748 1475 1809 Demaenetus

288 1864 409 1906 seruum
443 1846 592 1924 hortatur,
626 1855 659 1904 ut
696 1864 883 1925 quacumque
916 1850 1030 1907 ratione
1059 1847 1166 1924 possit,
1194 1852 1348 1923 argentum
1377 1853 1476 1923 paret

289 1938 368 2025 (Qua
392 1962 439 2003 me
465 1974 506 1983 -
531 1942 628 2002 auser:
651 1942 718 2002 Tibi
741 1946 892 2021 optionem
921 1976 962 1986 —
992 1945 1102 2002 amicae
1122 1942 1200 2021 quod
1225 1935 1298 2022 det).
1349 1943 1474 2003 Deinde

288 2049 318 2101 et
337 2041 378 2100 ibi
398 2050 427 2099 et
450 2040 499 2099 liic
523 2039 680 2119 pollicetur
699 2041 771 2101 nihil
795 2041 864 2102 iude
889 2060 978 2101 seruo
1002 2040 1125 2120 periculi
1151 2040 1214 2098 lore
1239 2033 1395 2121 (promitto
1419 2074 1474 2084 —

288 2138 438 2197 ettecerts:
463 2138 541 2208 Quid
564 2140 606 2197 eis
627 2172 666 2179 —
688 2132 865 2220 Redimam).
905 2139 998 2199 Porro
1018 2157 1086 2198 cum
1110 2140 1198 2197 etiam
1217 2139 1248 2197 iu
1271 2140 1353 2199 exitu
1371 2139 1474 2200 buius

288 2252 394 2295 scenae
428 2235 533 2295 similia
570 2237 774 2315 iniurientur,
823 2248 855 2297 ut
876 2289 878 2295 .
896 2237 1044 2315 duplicem
1087 2237 1290 2295 recensionem
1327 2236 1367 2296 ibi
1403 2244 1472 2297 sta-

290 2332 429 2392 tuendam
446 2352 511 2391 esse
526 2333 663 2393 Goetzius
679 2322 839 2411 putauerit,
859 2336 947 2394 etiam
965 2333 1022 2393 hoo
1037 2333 1102 2393 loco
1117 2332 1219 2392 eadem
1234 2336 1347 2394 ratione
1363 2338 1474 2395 omnia

287 2433 398 2508 optime
426 2430 566 2509 explicari
596 2448 681 2509 posse
712 2438 791 2507 puto.
839 2432 879 2490 Ac
908 2430 992 2491 facile
1021 2429 1204 2507 intellegitur
1232 2429 1470 2509 dittographiam

288 2546 353 2587 esse
378 2546 426 2588 uu
447 2526 578 2589 96—98
599 2527 708 2605 quihus
727 2538 828 2605 aperte
849 2529 980 2588 studium
1000 2529 1191 2606 cognoscitur
1215 2546 1263 2587 uro
1286 2526 1470 2590 iot-106

288 2628 318 2685 in
342 2625 464 2686 breuius
489 2626 651 2703 redigendi.

380 2822 399 2897 ἕ
428 2821 476 2884 lt.
519 2821 677 2881 Veniamus
700 2824 757 2881 iam
783 2822 820 2881 ad
844 2839 895 2880 eos
919 2820 999 2881 locos
1023 2841 1098 2900 quos
1122 2822 1198 2901 apud
1223 2823 1343 2881 Festum
1366 2842 1471 2886 unum

288 2919 376 2979 falsos
408 2921 532 2981 traditos
570 2921 748 2981 iurienimus.
807 2919 912 2979 Bacch.
939 2915 1015 2997 123,
1044 2920 1121 2981 Fest.
1150 2939 1176 2998 p.
1206 2918 1269 2981 217
1299 2939 1323 2980 s.
1346 2939 1374 2980 u.
1403 2921 1468 2981 Pu-

273 3020 398 3092 tilium:
421 3027 453 3078 ta
476 3021 511 3078 id
532 3026 577 3078 est
596 3037 679 3091 parc
700 3018 755 3092 sac
775 3065 781 3076 .
802 3064 808 3076 .
828 3063 835 3075 .
855 3064 861 3075 .
885 3019 976 3076 dibus
1000 3022 1142 3077 rettulit.
1163 3066 1169 3077 .
1190 3066 1196 3077 .
1217 3066 1223 3077 .
1247 3022 1308 3077 tior
1326 3026 1371 3078 ert
1389 3021 1467 3078 bor-

287 3116 362 3175 baro
381 3160 496 3176 .....
540 3115 635 3192 Atque
665 3117 792 3191 primum
823 3112 944 3191 quidem
972 3115 1120 3191 quomodo
1154 3115 1204 3174 has
1238 3115 1357 3175 lacinias
1390 3135 1467 3193 sup-

226 3262 230 3269 .
287 3211 409 3289 plendas
420 3232 485 3272 esse
496 3231 670 3273 censeamus
681 3211 888 3290 exponendum
899 3219 952 3270 est.
973 3213 1056 3289 Apud
1068 3213 1192 3273 Paulum
1207 3215 1297 3290 igitur
1308 3231 1376 3272 curn
1391 3222 1466 3273 ante

286 3308 412 3386 glossam
434 3317 607 3387 sequentem
635 3312 733 3369 Patres
752 3307 940 3367 exhibeatur:
965 3312 1111 3370 Potitium
1130 3312 1257 3370 Plautus
1276 3328 1336 3386 pro
1358 3315 1463 3384 stulto,

287 3406 364 3483 apud
398 3406 534 3468 Plautum
567 3417 665 3467 autem
699 3408 771 3466 baec
795 3424 854 3466 uox
881 3407 1053 3467 inueniatur
1075 3407 1180 3467 Baccb.
1208 3405 1279 3487 123,
1303 3406 1355 3467 ubi
1378 3407 1464 3467 Bon

288 3503 440 3565 exhibent:
471 3504 602 3582 I[C[lt's]
632 3508 807 3565 stultiores
831 3506 966 3563 barbaro
995 3505 1119 3584 Poticr'o,
1144 3505 1245 3564 eadem
1276 3505 1365 3579 igitur
1389 3505 1467 3584 lere,

288 3622 361 3681 quae
390 3603 466 3681 apud
496 3604 616 3664 Festum
647 3611 775 3683 exstant,
811 3605 859 3661 uix
891 3600 1015 3660 dubium
1043 3618 1108 3659 esse
1137 3608 1249 3679 potest,
1281 3603 1353 3678 quin
1386 3601 1463 3661 haec

287 3700 383 3778 glossa
407 3702 441 3760 ad
466 3702 547 3762 illum
563 3701 667 3761 Bacch.
684 3720 807 3761 uersum
823 3701 968 3778 pertineat
982 3706 1013 3757 et
1028 3716 1135 3758 uersus
1159 3702 1222 3776 ipse
1241 3698 1318 3777 apud
1337 3699 1463 3761 Festum

287 3797 392 3857 allatus
416 3798 634 3868 meritonam
659 3800 735 3878 apud
760 3796 937 3857 Muellerum
960 3794 1008 3854 ille
1032 3795 1112 3855 Festi
1127 3796 1210 3856 locus
1234 3798 1277 3855 sic
1301 3800 1463 3858 restitutus

287 3905 340 3955 est:
374 3904 405 3955 ta
439 3900 472 3955 r'd
498 3905 542 3956 est
575 3917 657 3972 puro
688 3898 743 3972 fac
768 3946 774 3958 .
799 3946 806 3957 .
831 3943 864 3957 ..
889 3942 894 3953 .
923 3894 1086 3952 heredibus
1122 3896 1246 3954 rettulit.
1293 3890 1464 3973 [Potitium

287 3998 415 4056 Plautus
435 4013 494 4070 pro
513 3999 618 4055 stulto:
645 3998 757 4057 Parttto
776 3990 918 4075 stclJtr'or
941 3999 985 4051 est
1012 3993 1156 4050 barbaro.
1201 3990 1233 4049 ln
1264 3992 1310 4051 his
1334 3993 1464 4054 aliendit

288 4095 416 4171 primum
445 4090 524 4168 quod
544 4089 616 4151 liaeo
636 4092 840 4170 supplementa
860 4092 981 4150 lacunae
1010 4089 1138 4165 spatium
1166 4088 1323 4167 excedunt,
1350 4088 1462 4149 deiude

288 4190 366 4268 quod
396 4207 469 4267 quae
499 4187 595 4248 Plauti
623 4188 714 4247 uerba
743 4190 920 4266 alieruutur,
948 4205 1069 4246 uersum
1100 4206 1158 4246 non
1187 4185 1327 4247 efficiunt.
1360 4185 1462 4256 Quare

287 4286 462 4347 Merlrlinius
473 4285 557 4344 aliter
567 4284 664 4343 lorum
677 4280 836 4368 restituit3)
847 4304 1017 4363 proponens
1028 4288 1241 4361 tc‘r'destpura
1249 4282 1363 4359 sac[ta.
1375 4286 1461 4344 Pati-

360 4415 385 4481 1)
404 4412 515 4481 Parerg.
535 4417 596 4465 468.
615 4444 650 4451 -
669 4415 695 4482 2)
715 4413 812 4467 Jahrb.
834 4416 911 4479 1876,
929 4416 990 4466 885.
1006 4440 1039 4451 -
1057 4413 1084 4479 3)
1099 4408 1315 4465 Obseruationes
1329 4410 1365 4463 ad
1381 4410 1463 4465 Sexti

285 4490 415 4560 Pompeii
433 4488 510 4545 Festi
528 4489 665 4559 Paulique
685 4496 826 4561 excerpta.
847 4492 972 4561 ‘Dorpat
991 4495 1068 4556 1860,
1087 4508 1113 4559 p.
1133 4496 1158 4544 8.
