3192 5209
756 340 996 405 -218-

292 521 358 565 esse
391 511 425 565 ut
455 503 513 565 illis
545 503 582 563 de
620 502 728 583 quibus
765 503 861 565 adhuc
894 505 1008 583 egimus
1044 504 1118 564 locis
1150 504 1261 565 luctum
1292 512 1346 565 est.
1404 504 1467 565 Sed

291 603 332 663 ita
350 603 475 663 sortasse
493 601 563 663 huic
582 604 627 662 rei
646 601 744 662 lucem
758 602 858 663 adcrri
872 618 960 681 posse
974 603 1152 682 putauerim,
1175 610 1210 663 ut
1226 604 1284 662 iam
1304 609 1469 681 antequam

293 699 407 760 tabulae
435 707 554 760 nostrae
583 718 641 761 urna
666 706 696 761 et
718 698 826 779 uiginti
848 702 879 761 in
901 718 995 761 unum
1022 718 1132 779 corpus
1160 699 1385 783 colligerentur,
1415 720 1468 763 co·

293 797 423 857 moedias
456 798 587 878 singulas
612 800 764 859 etiamtum
784 798 934 860 Plautinas
962 816 978 857 a
1001 799 1201 877 grammaticis
1222 805 1379 877 temptatas
1398 817 1469 860 esse

266 903 323 955 -et
349 897 407 955 iam
447 903 514 957 ante
542 896 705 959 Varronem
737 896 848 974 duplici
881 895 1011 974 singulas
1044 895 1157 956 labulas
1189 896 1283 957 forma
1315 899 1468 958 exstitisse

292 1012 437 1054 censeam.
483 993 543 1054 lam
573 1014 646 1056 uero
670 1012 737 1055 cum
765 996 831 1055 ueri
859 994 954 1053 simile
982 1012 1043 1055 non
1072 993 1211 1055 uideatur
1237 996 1329 1055 uariis
1351 1002 1468 1075 tempo-

293 1090 377 1151 ribus
401 1092 520 1153 easdem
544 1093 657 1154 fabulas
680 1093 788 1153 electas
813 1100 843 1154 et
865 1092 895 1152 in
919 1109 1012 1152 unum
1036 1108 1146 1169 corpus
1167 1089 1302 1152 redactas
1322 1093 1468 1153 essehoc

293 1208 386 1251 ornum
410 1197 517 1272 restat,
545 1200 579 1252 ut
602 1190 714 1251 fabulas
736 1189 806 1250 illas·
830 1208 919 1250 ronam
948 1197 977 1250 et
1004 1191 1113 1268 uiginti
1139 1196 1296 1268 postquam
1323 1189 1467 1252 collectae

293 1295 371 1369 sunt,
395 1287 559 1349 secundum
583 1287 760 1369 exemplaria
784 1290 905 1366 antiqua
928 1294 1078 1348 correctas
1101 1294 1131 1348 et
1154 1294 1282 1348 mutatas
1300 1304 1367 1348 esse
1386 1288 1466 1349 dica-

292 1402 368 1447 mus.
418 1385 513 1464 Atque
544 1384 618 1445 baec
650 1384 771 1464 quidem
803 1388 880 1446 ratio
917 1384 1037 1466 probari
1068 1403 1156 1464 posse
1188 1385 1309 1446 uidetur
1341 1394 1468 1465 propter

293 1501 357 1542 eam
381 1500 499 1561 quoque
522 1498 655 1562 causam,
686 1482 765 1560 quod
788 1484 890 1545 multis
918 1482 992 1545 locis
1015 1484 1046 1543 in
1068 1483 1093 1543 A
1116 1500 1224 1544 uersus
1247 1484 1374 1543 omissos
1397 1502 1465 1545 esse

293 1579 437 1660 uidemus,
460 1598 536 1659 quos
559 1579 582 1639 P
602 1578 729 1640 exhibet.
775 1580 849 1641 Nam
872 1588 906 1643 ut
929 1580 1049 1642 Goetrio
1072 1583 1259 1661 assentimur,
1283 1583 1334 1661 qui
1358 1600 1467 1643 uersus

231 1712 235 1719 «
294 1678 389 1739 Stichi
420 1680 546 1739 omissos
577 1680 608 1738 in
641 1678 664 1736 A
701 1679 733 1739 iu
770 1681 921 1741 communi
961 1679 1098 1741 codicum
1134 1679 1216 1740 lonte
1249 1680 1398 1740 exstitisse
1434 1688 1467 1739 et

293 1784 397 1856 postea
425 1794 460 1836 er
489 1776 512 1835 A
541 1778 652 1837 eiectos
688 1795 755 1837 csse
783 1784 881 1857 putat,
912 1780 952 1839 ita
984 1784 1106 1856 propter
1140 1776 1260 1838 alteram
1293 1776 1462 1838 fabularum

295 1874 499 1935 Plautinarum
528 1873 716 1936 traditionem
744 1878 871 1936 omissos
898 1892 964 1935 esse
992 1892 1060 1935 cnm
1089 1867 1157 1957 e0¹)
1186 1877 1252 1936 ucri
1279 1874 1464 1936 simillimum

292 1981 440 2052 putamus.
486 1973 671 2052 Quamquam
693 1973 823 2034 dubitari
846 1980 944 2052 potest
972 1981 1075 2036 utrum
1089 1971 1275 2033 Ambrosiani
1298 1991 1335 2032 an
1358 1972 1465 2032 Palati-

231 2148 233 2156 ,
292 2088 400 2131 norum
436 2072 571 2132 recensio
604 2073 687 2150 prior
723 2074 762 2132 sit
797 2070 936 2150 putanda.
981 2072 1092 2131 Tamen
1124 2080 1158 2138 ut
1190 2088 1206 2129 a
1239 2072 1385 2149 quinque·
1406 2069 1465 2130 illis

291 2169 516 2247 proficiscamur
545 2168 632 2250 locis,
663 2188 731 2230 cum
762 2171 860 2229 miuus
890 2170 957 2229 ueri
986 2168 1082 2230 simile
1111 2168 1249 2229 uideatur
1276 2185 1330 2247 pro
1361 2165 1465 2256 uerbis

293 2284 368 2345 quae
401 2266 532 2346 intellegi
565 2275 654 2347 atquc
683 2269 823 2346 cognosci
844 2275 971 2346 possunt
998 2267 1053 2327 alia
1082 2264 1255 2327 obscuriora
1286 2267 1319 2325 in
1346 2272 1464 2326 textum

237 2367 241 2373 '
294 2363 372 2425 illata
396 2383 476 2445 esse,
499 2365 554 2426 hac
578 2367 614 2425 de
639 2364 725 2425 caiisa
750 2364 785 2425 ad
810 2382 874 2425 eam
897 2364 1029 2426 adducor
1052 2367 1242 2447 sententiam,
1266 2371 1300 2425 nt
1317 2363 1340 2423 P
1358 2381 1464 2425 recen-

293 2464 407 2523 sionem
440 2466 635 2524 uetustiorem
667 2471 778 2542 putem.
833 2462 913 2523 Haec
951 2482 1024 2523 uero
1062 2461 1228 2525 fabularum
1260 2460 1465 2523 Plautinarum

291 2562 462 2622 retractatio
492 2565 540 2623 cui
567 2562 680 2623 auctori
705 2560 754 2622 uel
782 2562 831 2622 cni
859 2564 987 2641 tempori
1015 2560 1173 2622 tribuenda
1195 2562 1248 2642 sit,
1276 2561 1327 2622 uix
1350 2561 1465 2620 certius

292 2657 409 2720 deliniri
431 2667 538 2739 potest.

749 2908 753 2913 ,
782 2832 886 2915 Gap.
909 2833 978 2899 IV.

381 2961 400 3037 ξ
426 2958 475 3023 11.
522 2962 606 3042 Apud
634 2962 755 3024 Festum
783 2965 876 3043 igitur
903 2979 971 3023 oum
1001 2960 1164 3021 secundum
1196 2979 1243 3040 ea,
1276 2978 1352 3039 quac
1379 2969 1467 3022 antea

292 3060 433 3140 dirimuS,
472 3064 629 3141 utriusque
663 3063 848 3122 recensionis
883 3067 1001 3120 nostrae
1036 3060 1161 3137 uestigia
1196 3066 1368 3139 appareant,
1405 3061 1467 3119 iam

293 3158 496 3238 quaerendum
519 3168 565 3221 est
587 3162 666 3220 inter
695 3158 826 3237 reliquos
857 3156 934 3237 apud
958 3156 1080 3217 Festum
1106 3155 1188 3217 locos
1212 3150 1243 3217 et
1270 3158 1464 3217 recensiones

292 3265 409 3318 nostras
437 3275 512 3336 quae
541 3260 580 3319 sit
607 3258 690 3318 ratio.
739 3255 763 3316 A
796 3263 895 3315 autem
921 3256 1105 3315 recensionis
1132 3272 1200 3316 cum
1228 3272 1320 3333 parua
1349 3262 1465 3315 mutum

277 3367 361 3435 pars
388 3354 532 3417 maleuola
561 3362 641 3417 sorte
669 3353 705 3414 ad
733 3355 904 3414 memoriam
937 3360 1069 3413 nostram
1099 3354 1287 3432 peruenerit,
1320 3350 1356 3411 ad
1384 3351 1464 3413 illam

292 3456 495 3534 quaestionem
528 3453 755 3534 persoluendam
788 3454 906 3513 maximi
938 3449 1024 3511 nobis
1057 3452 1200 3510 momenti
1231 3457 1302 3510 sunt
1334 3451 1362 3509 ei
1397 3448 1465 3530 loci,

292 3553 401 3632 quibus
425 3554 583 3633 utriusque
611 3552 794 3613 recensionis
822 3553 987 3629 scripturas
1014 3547 1166 3608 habemus.
1212 3548 1273 3609 lam
1297 3566 1370 3609 rrero
1394 3567 1464 3609 cum

291 3654 323 3712 in
345 3652 391 3711 his
415 3650 563 3729 duplicem
587 3650 663 3711 hanc
686 3651 874 3710 inueniamus
892 3649 1046 3727 rationem,
1069 3645 1140 3706 utA
1163 3644 1234 3706 ctP
1256 3648 1335 3706 inter
1358 3664 1391 3705 sc
1414 3654 1467 3706 ant

292 3748 430 3809 diiierant
452 3756 503 3810 aut
527 3750 721 3828 consentiant,
745 3755 836 3808 totam
859 3745 936 3805 hanc
960 3745 1163 3824 quaestionem
1185 3745 1227 3804 ita
1251 3743 1465 3804 instituendam

219 3896 221 3905 ,
291 3854 378 3928 puto,
411 3855 444 3907 nt
475 3848 604 3924 primum
633 3863 716 3924 agam
750 3844 787 3905 de
820 3846 864 3904 eis
890 3842 1172 3923 Fostifragmentis
1200 3840 1356 3922 Plautinis,
1390 3858 1466 3919 quac

292 3943 445 4005 codicibus
469 3945 580 4004 nostris
602 3941 713 4022 duplici
741 3945 889 4021 scriptura
918 3940 1025 4001 tradita
1048 3946 1131 4019 sunt,
1157 3938 1265 3999 deinde
1288 3939 1326 3999 do
1350 3940 1407 4019 cis,
1434 3939 1465 3998 in

293 4041 403 4121 quibus
431 4040 548 4102 codices
570 4042 768 4101 consentiunt.

383 4140 477 4219 Atque
501 4140 630 4218 primum
659 4138 779 4218 quidem
807 4136 859 4197 obi
882 4136 906 4195 A
929 4142 959 4196 ot
982 4134 1004 4194 P
1027 4136 1106 4194 inter
1135 4152 1166 4194 se
1185 4133 1341 4215 differunt,
1369 4134 1393 4194 A
1417 4151 1464 4193 re·

293 4238 442 4299 censionis
465 4239 628 4317 scripturas
652 4236 729 4317 apud
753 4236 876 4296 Festum
899 4232 1038 4295 uersibus
1061 4232 1239 4293 offendimus
1261 4232 1325 4293 bis:
1348 4231 1412 4293 Cas.
1427 4230 1466 4291 lv

331 4488 335 4501 Ν
365 4429 390 4497 1)
410 4388 689 4497 ct'Dittographion
708 4425 748 4481 im
766 4424 945 4480 Plautustext
962 4421 1030 4491 (lep.
1050 4419 1098 4473 111.
