3192 5209
579 416 816 480 -221-

111 594 153 637 ac
185 580 246 637 lete
274 584 411 653 pateant.
456 576 535 639 Haec
567 578 664 657 glossa
697 580 768 657 quin
802 588 917 657 spectet
950 580 986 640 ad
1018 581 1107 642 Truc.
1131 578 1205 661 277,
1237 585 1287 643 uix

112 672 237 735 dubium
262 692 328 735 esse
351 684 458 754 potest.
503 676 546 735 lbi
574 684 674 737 autem
703 678 873 737 inueoimns
901 678 930 735 in
955 676 977 735 P
1000 681 1145 753 petalum.
1168 682 1288 758 coemi,

111 773 145 831 in
173 772 197 829 A
222 776 360 847 petulum
391 776 504 834 bouem.
550 773 658 835 Verum
687 793 755 835 cum
783 771 984 833 Palatinorum
1015 777 1192 854 scripturam
1222 794 1287 835 cor-

115 878 236 948 ruptam
260 888 326 931 esse
350 879 489 949 appareat
512 889 548 932 ex
567 876 708 949 petulum
730 874 844 946 bouem,
868 870 924 930 boc
943 870 1008 931 loco
1026 890 1190 934 consensus
1209 875 1288 934 inter

114 964 139 1024 P
163 974 193 1027 ct
216 965 340 1028 Paulum
363 968 538 1029 statuendus
560 972 625 1030 erit.
1095 972 1098 977 ’
1255 1024 1261 1032 .

204 1062 265 1124 lam
293 1082 365 1125 nero
386 1065 456 1143 quid
477 1084 513 1125 ex
536 1066 582 1125 his
601 1066 674 1128 locis
698 1067 784 1128 nobis
806 1066 1043 1128 concludendum
1063 1070 1101 1128 sit
1124 1072 1288 1149 quaeritur.

113 1158 260 1220 Omnibus
297 1163 340 1221 eis
378 1161 508 1222 uidimus
544 1162 664 1225 Festum
701 1163 889 1225 Ambrosiam
927 1165 1107 1243 scripturam
1148 1166 1287 1227 exhibere

112 1266 234 1335 praeter
265 1257 457 1341 Truc.'2'l'l‚
490 1260 542 1321 ubi
574 1280 641 1322 oum
666 1262 688 1321 P
712 1264 881 1322 consentire
909 1263 993 1321 uisus
1022 1270 1075 1321 est.
1121 1260 1232 1323 Tamen
1255 1272 1289 1324 ut

111 1354 195 1416 hunc
218 1355 317 1416 locum
341 1359 439 1418 statim
463 1357 623 1439 absoluam‚
646 1368 681 1420 ut
702 1362 824 1419 omnino
846 1359 916 1420 illud
937 1362 1077 1435 patulum
1100 1361 1206 1419 bouem
1229 1378 1289 1421 nou

112 1455 285 1513 recensioni
307 1452 392 1514 alteri
416 1454 553 1537 tribuam,
577 1455 629 1516 sed
649 1474 730 1517 mero
750 1455 864 1516 librarii
884 1453 1009 1517 alicuius
1028 1458 1111 1537 uitio,
1130 1465 1289 1537 propterea

114 1541 196 1628 quod
214 1553 245 1612 in
260 1549 419 1631 archetypo
434 1551 537 1613 ultima
552 1552 660 1632 syllaba
675 1556 783 1614 omissa
797 1554 897 1634 luerit,
911 1562 1011 1614 ortum
1029 1572 1096 1614 esse
1111 1557 1289 1636 pedaneum,

111 1649 155 1707 ita
187 1667 224 1708 ne
257 1647 329 1708 illud
367 1648 487 1726 quidem
519 1650 678 1711 concedam
716 1651 794 1711 illam
827 1650 904 1729 apud
937 1649 1061 1710 Paulum
1093 1650 1219 1730 glossam
1253 1670 1289 1713 ex

115 1746 221 1805 codice
245 1746 343 1826 aliquo
366 1745 501 1806 Plautino
525 1749 590 1826 ipso
619 1756 766 1829 sumptam
795 1767 875 1828 esse,
904 1767 972 1810 eum
999 1766 1045 1827 ap.
1068 1748 1147 1810 Fest.
1170 1767 1199 1828 p.
1222 1746 1288 1810 229

115 1842 246 1921 glossam
269 1845 458 1905 irrueniamus
479 1844 580 1905 talem:
604 1848 804 1923 Propctulum
827 1850 887 1907 lete
906 1854 1017 1922 puteos
1040 1853 1132 1920 utque
1150 1854 1289 1923 apertum

113 1947 145 1999 et
163 1944 267 2016 patuli
288 1944 387 2015 boues,
411 1959 539 2017 quorum
562 1961 681 2005 cornua
704 1947 736 2005 io
755 1947 911 2005 diuersum
929 1963 1022 2020 super
1039 1947 1159 2005 modum
1174 1951 1291 2021 petent.

115 2036 210 2098 Cuius
238 2038 351 2116 glossae
381 2039 488 2100 uerba:
516 2046 619 2116 patuli
644 2044 736 2102 boues
767 2060 827 2102 non
856 2044 954 2102 minus
987 2050 1068 2101 recte
1099 2042 1135 2101 ad
1162 2042 1291 2103 eundem

67 2128 75 2137 ’
111 2133 212 2195 Plauti
241 2154 363 2197 uersum
390 2138 565 2198 referemus.
611 2139 709 2209 Quare
738 2142 858 2199 omnino
891 2157 950 2199 non
979 2158 1046 2199 cum
1075 2138 1098 2198 P
1126 2147 1231 2208 contra
1258 2140 1290 2221 A,

113 2232 213 2311 quoad
237 2242 364 2313 utraque
387 2238 562 2296 recensione
585 2236 672 2297 nobis
695 2246 813 2298 seruata
836 2236 939 2297 uidere
964 2236 1043 2318 licet,
1061 2235 1169 2297 Festus
1192 2236 1290 2297 lacere

112 2331 191 2392 mibi
213 2331 341 2393 uidetur.

205 2428 340 2510 Reliquis
370 2432 462 2510 igitur
492 2432 630 2493 omnibus
660 2432 733 2493 locis
763 2433 788 2493 A
821 2441 851 2493 et
881 2432 904 2492 P
935 2434 1062 2494 seruatis
1092 2442 1123 2493 et
1149 2434 1228 2493 inter
1258 2451 1290 2493 se

115 2525 326 2589 differentibus
349 2527 471 2589 Festum
493 2531 517 2588 A
541 2532 719 2609 scripturam
742 2530 884 2591 exhibere
907 2530 1052 2592 uidemus.
1096 2529 1174 2600 Quid
1198 2526 1291 2609 ergo?

116 2623 231 2685 Omnes
250 2625 316 2687 illos
335 2626 416 2687 locos
440 2635 598 2707 propterea
621 2646 689 2689 cum
711 2628 735 2687 A
759 2630 928 2689 consentire
952 2628 1111 2689 dicendum
1134 2636 1188 2706 est,
1212 2627 1291 2706 quod

113 2741 153 2783 ex
176 2723 281 2784 codice
306 2723 438 2787 eiusdem
466 2727 650 2786 recensionis
678 2723 841 2787 fluxerint?
886 2725 965 2786 Caue
993 2726 1050 2785 boc
1073 2726 1172 2805 facias,
1195 2727 1292 2804 prius·

75 2860 79 2864 -
115 2839 205 2899 quam
239 2820 474 2883 demonstratum
507 2825 546 2883 sit
573 2823 757 2902 singulorum
788 2842 933 2884 uersuum
960 2822 1079 2883 illorum
1110 2823 1292 2883 differentias

115 2938 225 2980 reuera
253 2920 364 2999 duplici
391 2922 566 2981 recensione
593 2922 624 2980 in
656 2929 770 2982 textum
797 2923 973 3000 peruenisse
1005 2939 1103 2999 neque
1135 2928 1187 2980 aut
1219 2921 1291 2979 scri-

64 3002 69 3009 ’
115 3015 209 3077 bendi
232 3017 385 3078 erroribus
408 3026 459 3084 atat
483 3036 553 3079 casu
576 3027 657 3079 ortas
680 3038 754 3079 esse.
799 3018 976 3097 Diligentius
1003 3020 1093 3097 igitur
1122 3018 1290 3096 discrepan-

115 3116 227 3175 tiarum
258 3116 375 3176 illarum
408 3116 610 3177 condicionem
643 3117 843 3195 inspiciamus.
886 3114 1017 3185 Quarum
1049 3116 1141 3177 meris
1171 3115 1290 3194 quidem

116 3212 308 3285 librariorum
332 3216 415 3277 uitiis
438 3232 487 3275 eas
511 3208 768 3294 deberPapparet,
791 3230 865 3292 quas
887 3214 1058 3273 inuenimus
1081 3211 1145 3273 (las.
1164 3212 1202 3271 lV
1220 3209 1288 3293 3,t

117 3311 187 3390 epil.
213 3310 241 3392 t,
264 3310 348 3390 Epid.
372 3308 447 3392 592,
469 3310 530 3371 lllil.
548 3308 622 3391 581,
646 3311 737 3373 Stich.
757 3306 833 3371 352.
877 3309 981 3390 Neque
1005 3309 1123 3372 aliunde
1146 3312 1292 3389 originem

117 3410 184 3468 eius
214 3408 398 3469 differentiae
426 3407 618 3487 repetendam
647 3428 726 3489 esse,
756 3426 832 3487 quae
855 3416 902 3469 est
924 3407 1014 3469 Poen.
1030 3403 1119 3487 ,v.5‚
1147 3405 1194 3488 13,
1223 3407 1292 3467 inde

114 3514 241 3585 apparet
278 3505 356 3585 quod
393 3504 530 3566 facillime
571 3524 608 3565 ex
643 3504 846 3566 AEGYPTINI
881 3504 1045 3565 AllGYPTl
1081 3503 1121 3563 Nl
1157 3513 1188 3565 et
1222 3504 1290 3564 inde

115 3600 281 3663 AEGYPTl
308 3601 381 3662 AVT
414 3602 480 3681 ficri
511 3605 616 3681 potuit.
661 3605 758 3682 Atque
792 3605 880 3663 etiam
906 3602 1014 3664 Pseud.
1040 3601 1103 3664 110
1131 3606 1158 3663 si
1184 3601 1292 3664 Festus

117 3717 190 3760 cum
212 3700 237 3760 A
259 3703 407 3775 turbelas,
434 3699 457 3759 P
482 3702 627 3761 turbellas
651 3699 803 3780 exhibent,
830 3699 908 3759 baud
936 3702 976 3761 ita
999 3703 1097 3780 magni
1120 3719 1185 3761 eam
1209 3700 1291 3760 dille·

115 3799 246 3859 rentiam
277 3797 442 3860 habendam
475 3815 541 3857 esse
573 3799 751 3876 putauerim.
797 3797 856 3857 Sed
883 3798 965 3858 Pers.
988 3794 1068 3878 419,
1100 3797 1153 3860 ubi
1184 3797 1292 3859 Festus

114 3914 176 3959 una
201 3912 269 3956 cum
285 3895 309 3955 A
324 3898 502 3975 scripturam
526 3889 765 3956 ‘suduculum'P
789 3889 983 3956 ‘cubiculum'
1007 3895 1141 3975 exhibet,
1165 3895 1292 3956 similem

115 3994 265 4054 rationem
297 3992 456 4053 ollendisse
488 3991 641 4071 uidemur,
675 4000 763 4070 atque
797 4010 861 4053 eam
898 4012 987 4072 qnam
1023 3995 1182 4055 statuimus
1213 3996 1292 4055 inter

116 4086 339 4171 ‘grauastellus'
354 4098 385 4150 et
399 4084 602 4171 ‘rauistellus’,
616 4088 738 4168 reliqua.
771 4088 845 4151 Nam
860 4093 976 4151 etiamsi
994 4090 1072 4172 apud
1090 4090 1213 4152 Paulum
1233 4111 1292 4153 uox

116 4191 303 4249 suduculum
325 4196 407 4247 recte
431 4182 499 4248 cum
523 4185 616 4247 uerbo
644 4190 759 4249 sudare
787 4199 989 4271 comparatur,
1016 4198 1119 4251 tamen'
1143 4209 1219 4268 quae
1242 4190 1291 4249 ad·

117 4286 202 4347 ditur
225 4286 396 4366 explicatio:
419 4286 608 4347 Seduculum
628 4303 725 4361 peotes
744 4288 863 4361 flepella'
885 4290 998 4348 dietum
1016 4290 1099 4363 quod
1115 4291 1293 4365 copulantes

115 4386 264 4445 sudantes
283 4382 378 4459 fecit,
400 4401 417 4443 a
439 4401 511 4443 uero
535 4381 621 4462 longe
645 4382 771 4443 aberrat.
817 4381 871 4444 Est
894 4386 973 4445 enim
995 4388 1177 4446 suduculum
1195 4388 1295 4462 flcpri

118 4481 227 4547 eodem
250 4481 336 4541 modo
357 4490 453 4561 atque
477 4480 582 4541 eodem
605 4500 696 4543 sensu
719 4481 832 4543 dictum
860 4489 949 4560 atque
974 4486 1167 4558 oumoasium
1186 4486 1292 4560 βαφή.
