3192 5209
633 442 874 507 -211-

168 605 278 684 quibus
301 606 421 685 Berglrii
445 606 591 667 sententia
614 606 732 678 nititur,
760 607 863 684 potius
888 603 918 670 id
946 607 1046 665 euinci
1068 602 1253 665 demonstret
1274 603 1338 664 illas

167 706 335 784 scripturae
359 704 572 782 discrepantias
596 710 647 762 aut
664 720 718 781 per
736 704 944 781 grammaticos
963 702 1159 781 librariosque
1178 711 1230 763 aut
1248 703 1339 760 meris

167 801 319 863 scribendi
343 800 497 862 erroribus
520 803 551 861 13
574 807 688 860 textum
703 802 895 879 peruenisse.
1334 811 1336 816 ’

256 996 276 1073 ἓ
301 995 330 1059 8.
359 996 455 1064 ,Η333
488 998 551 1057 lere
583 996 620 1056 de
658 994 769 1076 duplici
801 995 966 1057 iabularum
999 995 1199 1058 Plautinarum
1236 1015 1338 1056 recen-

167 1096 250 1159 sione
287 1097 346 1156 uiri
377 1095 455 1154 docti
490 1101 667 1155 statuerunt.
727 1094 862 1165 Quorum
900 1094 1020 1172 quidem
1054 1096 1218 1153 sententiae
1250 1112 1339 1173 quam

166 1193 292 1253 infirmis
328 1188 461 1253 nitantur
497 1195 679 1269 argumentis
715 1210 791 1254 cum·
818 1195 890 1253 satis
924 1210 1068 1271 apparere
1097 1200 1215 1271 putem,
1254 1191 1340 1251 aliam

167 1292 260 1350 totius
294 1292 475 1369 quaestionis
510 1288 750 1351 diiudicationem
782 1289 965 1351 firmioribus
993 1297 1027 1350 ut
1059 1307 1147 1368 spero
1180 1287 1338 1349 stabilitam

168 1391 350 1467 argumentis
380 1389 514 1469 proferre
546 1406 605 1448 non
635 1387 747 1448 dubito.
804 1388 901 1467 Supra
933 1389 1013 1447 enim
1042 1388 1340 1447 commemorauimus

168 1485 350 1547 differentias
369 1486 442 1566 illas,
461 1503 535 1564 quas
554 1484 631 1565 apud
649 1484 770 1545 Festum
793 1486 973 1566 inuenimus,
996 1502 1033 1545 ne
1057 1504 1073 1545 a
1097 1484 1251 1546 codicibus
1275 1486 1338 1562 qui·
1421 1485 1425 1489 “

168 1583 235 1643 dem
260 1582 372 1643 abesse.
418 1582 547 1643 Exhibet
570 1586 649 1643 enim

401 1680 485 1760 Epid.
510 1676 575 1740 620
599 1680 622 1738 Α
646 1680 817 1741 rauistellus
862 1679 886 1739 P
909 1680 1105 1758 grauastellus

402 1778 461 1838 Mil.
487 1775 573 1839 1180
598 1779 623 1837 A
646 1778 821 1858 expapillato
861 1776 887 1837 P
907 1778 1064 1838 exfafillato

379 1874 491 1936 Fruc.
512 1873 575 1937 271
599 1876 624 1934 A
648 1894 735 1936 suaso
861 1874 884 1935 P
907 1893 1045 1938 resuasu.

167 1974 265 2051 Atque
285 1972 369 2053 Epid.
389 1973 508 2053 quidem
528 1971 595 2035 620
617 1980 648 2033 et
666 1972 723 2033 Mil.
742 1970 828 2034 1180
846 1975 1057 2034 recensionum
1077 1983 1247 2036 nostrarum
1266 1978 1338 2035 scri·

168 2080 273 2151 pturae
293 2070 379 2150 plane
399 2090 467 2132 cum
487 2074 530 2132 eis
550 2079 728 2150 congruunt,
747 2089 821 2149 quas
840 2070 947 2131 Festus
967 2071 1095 2132 exhibet.
1136 2073 1225 2133 Truc.
1240 2080 1340 2133 autem

167 2166 230 2229 271
256 2168 459 2230 difficultatem
482 2168 626 2247 praebere
649 2168 782 2245 uidetur,
807 2188 875 2229 cum
898 2167 980 2229 Festi
1004 2169 1095 2230 altera
1119 2170 1208 2231 buius
1233 2150 1340 2231 uersbs

167 2268 314 2345 scriptura
338 2269 377 2327 sit
400 2270 535 2342 insusse,
559 2268 743 2327 recensionis
766 2265 789 2326 P
813 2285 952 2327 resuasu.
997 2269 1134 2328 Attamen
1158 2268 1240 2347 quod
1263 2270 1294 2328 in
1317 2266 1340 2327 P

167 2363 293 2442 legimus
330 2366 409 2437 Quia
442 2366 499 2425 tibi
528 2384 657 2426 resuusu
689 2364 825 2439 infecisti
853 2382 878 2424 e.
903 2383 930 2443 q.
954 2383 976 2425 s.
1014 2374 1129 2426 constat
1166 2374 1341 2445 corruptum

167 2480 247 2543 esse,
280 2463 410 2541 primum
443 2481 511 2522 cum
550 2462 636 2523 talem
669 2480 792 2523 uersum
821 2461 924 2523 Plauto
956 2481 1044 2523 nemo
1076 2463 1201 2545 tribuat,
1233 2464 1341 2524 deinde

167 2560 249 2638 quod
271 2578 400 2621 resuusu
423 2562 543 2620 omuino
567 2560 640 2620 nihil
663 2568 722 2641 est,
746 2560 798 2620 sed
823 2569 874 2621 aut
897 2563 1069 2621 coniectura
1092 2562 1267 2623 stultissima
1290 2570 1341 2622 aut

169 2656 282 2716 librarii
305 2659 378 2717 uitio
402 2657 461 2718 huc
484 2660 654 2736 ingressum
677 2657 797 2718 uidetur
821 2676 896 2718 esse.
932 2657 1036 2737 Neque
1060 2667 1159 2719 tamen
1183 2662 1341 2738 quisquam

167 2754 243 2814 banc
272 2755 472 2833 corruptelam
500 2775 536 2816 ex
564 2754 751 2815 Ambrosiani
778 2758 927 2835 scriptura
955 2763 1050 2816 ortam
1079 2775 1145 2817 esse
1173 2758 1342 2836 contendat,

167 2852 221 2912 sed
248 2855 314 2912 ueri
344 2852 469 2914 similius
498 2861 544 2935 est
571 2872 700 2914 resuasu
728 2872 765 2913 ex
792 2852 842 2913 illo
870 2856 994 2914 insuuso
1021 2863 1124 2915 natum
1152 2873 1233 2928 esse,
1248 2874 1341 2934 quae

164 2952 316 3013 sententia
339 2950 456 3011 duobus
480 2950 602 3029 reliquis
626 2951 697 3010 locis
721 2950 805 3030 Epid.
826 2948 900 3036 620,
923 2950 981 3010 Mil.
1006 2949 1091 3013 1180
1114 2952 1239 3012 mirifice
1262 2970 1340 3011 com·

168 3047 333 3131 mendatur.
381 3046 478 3117 Quare
502 3051 590 3109 etiam
613 3046 829 3109 13333271
855 3049 979 3108 eandem
1002 3068 1090 3127 qnam
1119 3049 1197 3128 apud
1220 3049 1341 3109 Festum

169 3144 365 3206 differentiam
388 3148 467 3206 inter
490 3146 563 3206 duas
587 3147 777 3205 recensiones
802 3154 918 3207 nostras
936 3149 1002 3209 iure
1018 3164 1179 3225 agnoscere
1194 3146 1340 3209 uidemur.

168 3242 243 3302 Cum
267 3252 366 3303 autem
394 3242 490 3304 tribus
519 3243 565 3303 his
594 3242 666 3302 locis
690 3240 771 3301 Festi
798 3245 977 3322 scripturam
1006 3243 1128 3304 alteram
1151 3245 1189 3324 A,
1219 3244 1340 3304 alteram

169 3339 192 3399 P
216 3340 355 3401 exhibere
380 3341 548 3422 uideamus,
579 3342 685 3401 merito
715 3338 812 3418 colligi
841 3358 928 3419 posse
957 3335 1087 3401 arbitror
1114 3341 1248 3420 duplices
1274 3342 1341 3402 11133

169 3436 251 3498 Festi
284 3440 447 3517 scripturas
481 3437 607 3518 duplicis
639 3439 824 3497 recensionis
857 3440 981 3516 uestigia
1014 3457 1089 3498 esse.
1134 3438 1238 3517 Neque
1271 3438 1341 3500 huic

168 3535 279 3596 iudicio
302 3544 463 3617 repugnat,
491 3535 569 3614 quod
593 3533 702 3595 Festus
716 3532 799 3613 Epid.
816 3532 895 3615 620,
918 3538 970 3613 qui
992 3556 1020 3614 p.
1037 3533 1102 3596 272
1124 3553 1249 3614 prorsus
1272 3555 1341 3596 cum

169 3631 365 3692 Ambrosiano
388 3636 563 3713 consentiat,
586 3632 679 3693 altero
703 3631 768 3691 loco
792 3633 870 3711 apud
890 3632 1014 3693 Paulum
1033 3653 1061 3713 p.
1076 3630 1119 3694 96
1143 3636 1186 3693 313
1209 3634 1342 3695 exbibet:

170 3726 240 3800 ‘Qui
260 3740 305 3791 est
329 3730 539 3812 grauastellus,
566 3733 616 3809 qui
643 3716 784 3810 aduenit',
817 3749 885 3791 cum
905 3729 929 3789 P
946 3749 1000 3810 pro
1025 3725 1169 3791 ‘aduenit'
1192 3730 1342 3792 exhibeat:

170 3822 285 3889 ‘uenit'.
331 3828 404 3888 Nam
432 3848 500 3889 cum
529 3831 617 3888 etiam
645 3827 726 3888 Triu.
751 3824 792 3887 67
822 3827 946 3886 eandem
978 3827 1104 3888 duarum
1133 3831 1341 3889 recensionum

170 3926 366 3985 differentiam
395 3929 596 4007 inueniamus,
631 3933 665 3986 ut
688 3920 858 4004 A‘uenio',
885 3924 908 3985 P
937 3921 1087 3985 ‘aduenio'
1114 3925 1262 4005 praebeat,
1285 3927 1342 3987 hoc

170 4040 289 4103 quoque
321 4024 387 4083 loco
419 4026 548 4103 genuina
576 4025 759 4084 recensionis
783 4023 806 4083 P
830 4025 978 4101 scriptura
1006 4024 1098 4083 luisse
1122 4021 1194 4082 mibi
1221 4024 1342 4085 uidetur

169 4116 327 4201 ‘aduenit',
366 4121 444 4200 quod
481 4130 584 4198 postea
621 4128 672 4181 aut
704 4120 790 4200 culpa
828 4120 940 4180 librarii
977 4129 1028 4181 aut
1060 4138 1130 4180 casu
1166 4122 1198 4180 in
1235 4116 1342 4181 ‘uenit'

170 4222 315 4279 mutatum
339 4226 393 4279 est.

260 4316 318 4376 Sed
338 4316 452 4378 accedit
470 4320 559 4379 etiam
578 4314 657 4377 aliud
676 4316 764 4396 idque
789 4315 882 4378 multo
902 4317 1024 4396 granius
1047 4324 1263 4398 argumentum,
1287 4336 1342 4378 cur

170 4416 339 4475 recensioni
362 4414 474 4494 duplici
493 4414 627 4494 duplices
646 4414 711 4475 illas
729 4414 811 4475 Festi
834 4417 999 4494 scripturas
1022 4414 1197 4475 tribuamus.
1216 4491 1219 4497 Ι
1239 4414 1340 4476 Videa-

171 4532 237 4573 mus
257 4515 335 4572 enim
355 4513 425 4591 quid
447 4531 565 4592 quoque
584 4512 649 4574 loco
669 4512 805 4597 Plautum
824 4516 922 4592 ipsum
942 4505 1098 4591 scripsisse
1116 4512 1269 4592 probabile
1293 4516 1340 4574 sit.

1070 4618 1103 4667 14
1113 4613 1127 4645 *
