3192 5209
754 410 997 475 ..240-

289 572 480 653 intellegitur.
521 572 563 633 lle
586 574 690 633 ltercle
715 592 787 633 uoce
816 572 895 653 apud
918 570 1041 634 Paulum
1069 574 1177 633 omissa
1201 589 1269 633 cum
1292 573 1350 631 iam
1373 578 1460 630 antea

289 671 464 749 dixerimuS,
496 678 602 750 restat,
635 678 669 731 ut
696 688 880 749 exponamus
911 669 983 748 quid
1013 668 1049 729 de
1077 672 1222 730 adstitisti
1248 677 1278 729 et
1302 666 1382 747 quod
1404 685 1459 746 pro

290 767 347 827 hoo
371 767 488 828 codices
513 766 670 827 exhibeant
703 767 877 828 iudicemus.
927 767 969 827 Ac
992 765 1172 827 Ritschelius
1205 766 1324 844 quidem
1356 773 1461 826 contra

288 863 412 924 Paulum
446 883 482 924 ex
515 867 557 924 eis
586 882 660 943 quae
692 867 724 925 in
752 864 836 924 codd.
860 863 966 924 tradita
998 871 1081 925 sunt:
1113 866 1231 924 adstitit
1251 866 1297 925 sic
1320 866 1460 945 restituit,

288 962 377 1023 credo
402 963 481 1041 quod
506 964 548 1023 sic
572 964 683 1042 optime
703 965 840 1025 codicum
863 964 1041 1042 scripturam
1064 960 1195 1039 intellegi
1217 978 1305 1039 posse
1329 961 1459 1041 putabat.

183 1086 186 1092 Δ
287 1058 449 1119 Lorenzius
477 1068 580 1119 eontra
609 1068 639 1120 et
670 1060 788 1121 Brixius
819 1079 878 1121 nou
906 1061 1012 1120 ollensi
1040 1066 1065 1118 rt
1093 1060 1198 1120 tertiae
1225 1076 1370 1138 personae
1393 1077 1459 1138 per·

287 1150 390 1236 tecti1)
424 1157 623 1236 scripserunt:
660 1161 777 1219 adstitit
809 1165 845 1219 et.
896 1156 1076 1219 Ribbeckius
1105 1164 1216 1216 autom.
1237 1155 1334 1217 deleto
1368 1174 1459 1218 uersu

288 1255 439 1331 sequenti:
472 1254 640 1328 Numquam
663 1257 753 1316 hodie
771 1259 907 1330 quiescet
919 1257 1101 1331 priusquam
1124 1256 1158 1314 id
1183 1256 1266 1328 quod
1282 1257 1368 1330 petit,
1387 1272 1459 1330 per-

284 1348 410 1425 fecerit,
441 1368 528 1429 quom
558 1350 739 1430 adscriptum
769 1369 835 1412 esse
867 1361 953 1432 putat
975 1351 1011 1411 ad
1035 1370 1063 1411 u.
1087 1348 1166 1431 208,
1195 1353 1226 1410 in
1249 1349 1380 1411 editione
1408 1369 1459 1410 no·

289 1448 410 1506 nissima
429 1444 553 1507 Paulum
573 1455 693 1509 secutus
712 1450 755 1508 sic
773 1448 854 1509 hunc
874 1467 995 1510 uersum
1017 1450 1160 1509 restituit:
1183 1448 1278 1522 Empe,
1302 1450 1460 1509 euscheme

287 1544 391 1605 ltercle
417 1547 563 1605 adstitisti
584 1564 609 1605 e.
628 1564 656 1624 q.
676 1564 699 1605 s.
744 1545 786 1605 Ac
815 1545 887 1605 mihi
919 1544 1038 1625 quidem
1070 1553 1105 1606 ut
1132 1563 1164 1605 ea
1193 1546 1343 1605 restitutio
1371 1544 1457 1606 ualde

286 1641 396 1723 placet,
425 1643 465 1702 ita
502 1660 539 1701 ex
572 1642 673 1703 eadem
703 1642 839 1703 codicum
875 1644 1024 1721 scriptura
1051 1641 1219 1719 corruptela
1246 1649 1310 1701 orta
1339 1641 1459 1703 uidetur

289 1756 365 1799 esse.
397 1737 439 1799 lie
463 1742 552 1801 dulce
575 1759 629 1820 pro
653 1743 755 1801 dulice
772 1742 823 1800 uix
846 1756 922 1819 opus
945 1746 991 1798 est
1013 1738 1133 1800 disertis
1152 1737 1254 1799 uerbis
1272 1756 1368 1817 agere.
1400 1738 1460 1799 llil.

289 1831 385 1915 1212,
407 1833 485 1895 Fest.
509 1855 537 1915 p.
561 1832 627 1897 305
645 1855 668 1897 s.
688 1855 716 1897 u.
740 1836 925 1916 Superescit:
948 1835 1021 1895 Mea
1039 1852 1134 1911 opera
1151 1853 1244 1911 super
1262 1837 1322 1896 dac
1344 1839 1459 1911 uicina,

287 1949 378 2006 quam
406 1950 461 2007 epo
493 1951 576 1994 auae
604 1937 733 1996 concilio
756 1936 819 1993 tibi.
864 1933 898 1994 lu
921 1931 1002 1992 BGll
1029 1932 1139 2011 legitur
1165 1951 1258 2009 super
1280 1934 1362 1994 darec
1384 1937 1460 1995 uici-

286 2047 357 2090 uam
381 2037 412 2089 et
434 2031 509 2088 milii
531 2048 657 2109 quorum
680 2037 842 2108 utmmque
866 2038 1040 2109 corruptum
1068 2048 1134 2091 esse
1162 2042 1291 2111 apparet.
1329 2030 1459 2109 Pocul,

288 2123 319 2203 2,
345 2122 421 2205 137,
461 2122 542 2187 Paul.
570 2146 598 2207 p.
623 2124 678 2188 60:
710 2128 871 2203 Comperce
889 2145 950 2203 pra
978 2144 1134 2203 compesce
1156 2131 1305 2189 dixerunt
1333 2132 1459 2204 antiqui.

287 2222 392 2284 Codd.:
416 2230 585 2305 comperta,
608 2227 689 2299 quad
717 2243 756 2284 ea
789 2228 841 2284 illa
868 2242 945 2285 uoce
976 2232 1076 2285 artum
1104 2216 1168 2286 esse
1192 2228 1388 2301 perspicuum
1404 2232 1459 2287 est.

286 2317 393 2381 Preud.
417 2317 495 2400 250,
522 2320 601 2382 Fest.
624 2341 651 2400 p.
679 2319 739 2383 181
791 2322 973 2408 Occidamus
1005 2324 1133 2385 Plautus
1160 2326 1249 2400 pouit
1266 2340 1326 2398 pra
1350 2330 1459 2384 cantra

287 2422 438 2480 cedamus.
467 2436 536 2478 cum
569 2421 722 2495 plurimae
754 2423 836 2480 aliae
869 2423 1110 2497 praepositiones
1138 2419 1360 2495 familiariores
1387 2420 1460 2479 duic

243 2545 246 2551 ·
286 2518 382 2576 uerbo
405 2518 472 2575 siat.
527 2514 560 2575 ln
583 2515 606 2575 B
630 2523 727 2576 exstat
755 2520 951 2590 accedamus,
979 2516 1057 2577 unde
1086 2516 1250 2577 secundum
1277 2515 1356 2577 illam
1378 2517 1460 2577 Festi

288 2612 415 2691 glossam
438 2612 622 2673 Passeratius
646 2612 810 2674 Gulielmus
833 2613 995 2674 llitschelio
1020 2617 1200 2675 assentiente
1223 2614 1388 2675 elicuerunt
1410 2632 1459 2675 oc·

286 2713 438 2771 cedamus.
485 2708 530 2769 Ex
563 2727 621 2788 quo
653 2709 745 2771 uerbo
780 2710 859 2789 quod
892 2712 970 2792 apud
1001 2711 1123 2772 Festum
1156 2718 1252 2772 exstat
1283 2714 1459 2772 occidamus
1564 2751 1569 2759 -

287 2814 461 2885 corruptum
503 2823 568 2865 esso
607 2805 679 2866 mihi
715 2814 838 2886 propter
881 2808 1104 2888 explicationem
1142 2809 1270 2870 additam
1306 2808 1459 2887 probatur.

287 2902 419 2982 Namque
448 2904 504 2962 etsi
533 2910 614 2963 recte
643 2901 804 2963 Muellerus
834 2913 956 2966 annotat
986 2913 1020 2966 ut
1047 2924 1083 2965 ex
1116 2908 1225 2981 detera,
1254 2908 1458 2983 perditere,a

285 3002 390 3075 lenire,
425 3002 562 3074 delinire,
586 3002 629 3061 sic
657 3002 745 3061 etiam
774 3020 811 3063 cx
839 3004 950 3063 cedere
976 3004 1189 3082 compositione
1217 3006 1360 3064 occidere
1385 3005 1460 3063 oriri

286 3098 430 3178 potuisse,
453 3104 551 3157 tamen
575 3116 643 3158 cum
666 3096 748 3157 nullo
772 3098 828 3158 alio
852 3097 917 3159 loco
940 3118 977 3159 ex
997 3103 1072 3161 cedo
1096 3119 1164 3161 eum
1189 3100 1459 3180 praepositionibus

285 3196 449 3274 composito
474 3197 543 3255 cido
566 3195 677 3256 factum
701 3212 766 3255 esse
790 3196 958 3278 uideamus,
985 3196 1042 3258 hoc
1071 3216 1190 3277 qnoque
1217 3216 1310 3259 uersu
1333 3199 1457 3258 formam

284 3291 362 3352 illam
386 3292 535 3370 quondam
562 3294 711 3352 exstitisse
740 3296 921 3371 negauerim.
966 3294 1054 3357 Truc.
1077 3291 1156 3375 490,
1184 3293 1263 3354 Fest.
1289 3292 1351 3355 178
1379 3313 1402 3354 s.
1426 3301 1455 3355 u.

285 3387 509 3449 Oculissimum:
543 3390 641 3449 Idem:
667 3392 768 3466 pluris
791 3395 837 3451 esl
857 3390 1013 3467 acu[latus
1036 3396 1119 3453 testis
1141 3409 1220 3452 uuus
1247 3409 1337 3467 quam
1361 3394 1460 3452 auriti

285 3484 407 3562 decem]
439 3486 475 3546 cl.
509 3483 590 3547 Paul.
617 3506 645 3566 p.
678 3484 740 3547 179
892 3490 967 3551 Item
999 3493 1077 3567 ipse:
1110 3491 1213 3549 Pluris
1246 3496 1291 3550 est
1319 3493 1459 3550 oculatus

284 3587 366 3645 testis
394 3602 473 3645 umus
506 3602 597 3659 auam
633 3588 730 3645 auriti
760 3589 871 3647 decem.
935 3586 969 3646 ln
1001 3586 1085 3647 codd.
1116 3605 1186 3647 casu
1220 3585 1347 3647 uerbum
1378 3605 1458 3648 uuus

284 3681 402 3741 excidit.

372 3778 518 3840 Omnibus
542 3787 641 3840 autem
668 3778 716 3839 his
746 3780 820 3841 locis
849 3789 881 3841 ut
910 3780 1045 3843 codicum
1070 3791 1241 3843 nostrorum
1269 3781 1454 3861 corruptelas

286 3875 422 3937 facillime
451 3879 590 3955 cognosci
617 3876 701 3937 licuit
733 3880 773 3937 ita
806 3877 941 3938 nonnulli
974 3879 1106 3939 eiusdem
1135 3878 1316 3939 condicionis
1350 3896 1457 3939 uersus

285 3974 416 4035 Plautini
440 3981 610 4054 supersunt,
634 3975 685 4052 qni
709 3974 878 4054 corruptela
902 3976 1039 4052 grauiore
1062 3975 1204 4037 laborant.

372 4070 437 4131 Aul.
467 4067 546 4153 399,
583 4070 663 4131 Paul.
691 4090 718 4149 p.
753 4068 793 4131 79
841 4074 1006 4133 Eadarsua
1040 4075 1162 4133 dorsum
1193 4071 1372 4148 eanfridum
1403 4075 1460 4132 alii

285 4172 391 4231 exime.
424 4167 514 4228 Codd.
539 4169 689 4244 Camarum
708 4187 888 4230 muraenam
907 4178 1049 4231 exossata
1065 4169 1120 4246 sac
1138 4174 1224 4232 sieut.
1262 4169 1326 4230 Etsi
1349 4172 1457 4229 mirum

283 4266 405 4328 uidetur
428 4266 507 4327 illam
534 4265 661 4344 glossam
690 4266 725 4326 ad
753 4265 834 4327 hunc
861 4285 985 4328 uersum
1013 4275 1161 4348 spectare,
1190 4275 1288 4327 umen
1317 4284 1371 4326 cur
1397 4265 1457 4327 huc

357 4476 383 4547 1)
403 4472 444 4529 uf.
463 4471 591 4542 Mueller,
628 4469 705 4527 Pras.
724 4491 771 4542 pp.
792 4478 906 4530 tl-ttt.
