3192 5209
597 464 639 473 —
686 426 840 493 223-

129 590 287 653 dissentiat
311 610 380 653 cum
402 592 568 674 codicibus,
596 610 632 653 eo
656 591 759 652 ordine
783 591 930 669 agendum
954 591 1088 671 uidetur,
1116 597 1150 650 ut
1177 591 1307 668 primum

129 688 264 749 dicamus
298 690 334 749 de
367 692 410 749 eis
442 689 515 751 locis
546 709 621 769 quos
645 688 752 749 Festus
779 688 883 747 eodem
912 688 999 748 modo
1026 706 1085 767 quo
1113 686 1182 748 libri
1211 689 1307 748 nostri

130 789 299 865 scripturae
323 786 476 848 erroribus
498 805 558 847 non
581 788 736 867 respectis,
759 785 868 845 deinde
891 785 928 845 de
951 788 1002 861 eis,
1027 804 1102 865 quos
1125 785 1307 863 discrepanti

130 884 282 963 scriptura
305 883 433 945 exhibet.

220 980 265 1041 Ex
283 981 343 1041 illis
366 991 465 1043 autem
488 989 522 1042 ut
542 984 671 1060 prhnum
691 1000 813 1061 agamus
831 980 869 1041 de
887 981 940 1061 eis,
964 982 1016 1058 qui
1038 989 1069 1040 et
1086 979 1164 1060 apud
1183 980 1305 1041 Festum

130 1081 194 1138 et
186 1098 217 1139 m
241 1098 257 1139 e
259 1079 481 1279 oW
417 1088 498 1141 recte
471 1080 642 1355 ὢιῖὲιῃ
631 1080 755 1143 exhibiti
782 1097 849 1140 esse
873 1077 1032 1157 uidentur,
1061 1078 1092 1172 hi
1120 1090 1191 1139 sunt
1213 1079 1306 1156 respi-

129 1175 243 1236 ciendi:

221 1273 327 1334 bacch
350 1271 426 1357 476,
473 1284 519 1336 est
602 1274 666 1338 18
691 1296 714 1337 s.
737 1296 766 1337 u.
790 1277 913 1337 Sacrem
935 1289 1076 1354 porcum:
1103 1270 1307 1353 Adafleseeas

129 1366 262 1451 quasdam
284 1375 335 1435 hic
355 1376 464 1449 pretiis
484 1369 592 1453 porci]
615 1380 749 1435 arceant
770 1366 896 1453 sac[res
918 1376 1035 1433 sinceri
1056 1368 1196 1451 aemma]
1219 1389 1304 1432 aam-

129 1486 212 1528 mam
236 1465 276 1550 [a
289 1488 336 1531 me
349 1474 466 1547 accipe,
489 1466 619 1549 iubete]
639 1474 725 1547 piari
739 1474 777 1531 de
790 1489 858 1531 mea
877 1462 1055 1549 [pecunia]
1089 1471 1187 1548 Atque
1206 1472 1306 1529 missis

129 1566 284 1627 scribendi
307 1568 460 1629 erroribus
480 1571 567 1645 plari
587 1566 669 1630 Festi
691 1586 748 1646 pro
767 1571 863 1646 piari,
885 1570 1014 1627 aenium
1034 1566 1181 1627 librorum
1203 1567 1227 1628 P
1250 1584 1306 1645 pro

128 1673 273 1739 arceant,
297 1664 412 1745 reliqua
435 1685 503 1727 cum
526 1665 579 1725 ΑΡ
603 1668 803 1747 consentiunt,
826 1665 922 1744 quoad
945 1667 1110 1744 scripturas
1133 1683 1306 1744 comparare

128 1760 211 1821 licet.
257 1761 360 1841 Neque
385 1766 462 1823 enim
491 1765 522 1823 in
549 1761 573 1822 t
602 1762 763 1843 quidquam
789 1763 848 1841 legi
875 1771 975 1842 potest
1002 1764 1060 1823 nisi
1084 1762 1305 1823 snvttuvttt-

128 1856 330 1919 mnxcctrn.
375 1860 471 1940 Atque
494 1860 518 1919 B
540 1860 618 1921 idem
642 1859 813 1922 exhibuisse
841 1879 878 1921 ex
904 1860 1012 1920 borum
1040 1861 1203 1921 uerborum
1231 1864 1305 1922 scri-

129 2016 233 2087 ptura:
256 1966 399 2072 Sacris
387 2015 643 2073 ιιιιιιιιιιιιιιιιιιι.
668 2030 880 2091 .....eeqs
903 2004 1064 2092 apparetl)
1103 2008 1184 2070 Festi
1207 2019 1307 2071 autem

128 2110 267 2171 lacunam
295 2111 454 2186 quominus
482 2119 514 2170 ut
542 2113 573 2170 in
597 2059 734 2170 omnibus
762 2109 915 2170 codicibus
939 2106 1081 2167 traditum
1110 2116 1156 2167 est
1178 2112 1307 2169 cummis

128 2222 186 2281 pro
206 2222 325 2265 ιιιιιιιιιιο
345 2206 483 2266 editionis
506 2206 714 2268 Muellerianae
739 2206 918 2286 expleamus,
942 2203 1015 2264 nihil
1039 2203 1145 2264 obstat.

221 2300 304 2361 Pers.
327 2298 401 2383 347,
424 2302 503 2364 Fest.
527 2300 593 2365 294
616 2323 638 2364 s
662 2324 689 2365 u.
715 2303 867 2364 Sublesta:
894 2303 945 2362 Ad
967 2309 1181 2379 paupertatem
1203 2306 1232 2361 si
1254 2306 1306 2362 ιἰιι-

129 2403 269 2474 mipraat
297 2399 456 2481 infamiae,
481 2404 613 2477 praelior
637 2407 808 2478 paupertas
832 2404 881 2475 fit,
905 2402 985 2472 sides
1011 2390 1179 2460 sublestior.
1225 2399 1306 2460 Paul.

129 2494 198 2557 295
229 2500 364 2559 Grauior
389 2506 559 2574 paupertas
586 2503 624 2572 fit
649 2492 727 2572 fides
756 2500 925 2559 sublestior.
971 2495 1028 2566 Qui
1058 2493 1142 2555 locus
1172 2498 1228 2556 etsi
1257 2495 1306 2557 hic

129 2594 309 2655 referendus
333 2613 399 2655 esse
423 2615 482 2655 non
506 2596 626 2656 uidetur
649 2614 716 2657 cum
741 2593 813 2655 eth
837 2593 908 2654 etP
932 2593 1105 2653 exhibeant:
1129 2596 1307 2669 admipraat

130 2690 341 2773 infamiae,q
342 2693 400 2753 uod
425 2712 516 2753 unum
540 2692 645 2754 Plauto
668 2693 850 2774 tribuemus,
879 2701 977 2753 tamen
1002 2710 1071 2752 cum
1094 2691 1167 2751 nihil
1190 2691 1307 2752 facilius

130 2798 214 2848 esset
213 2807 330 2870 ,quam
349 2798 383 2849 ut
406 2790 500 2850 oculis
523 2792 558 2851 ad
577 2794 695 2852 initium
715 2790 801 2852 uerbi
820 2792 973 2869 sequentis
995 2788 1202 2849 aberrantibus
1219 2788 1307 2849 libra-

129 2890 195 2946 rius
220 2905 275 2966 pro
299 2890 476 2961 adraipraat
464 2888 644 2949 tseriberet
666 2892 855 2963 immipraat,
883 2906 964 2948 mero
994 2886 1098 2947 calami
1125 2886 1209 2965 lapsu
1232 2886 1306 2945 haec

131 2984 302 3045 differentia
325 2994 390 3046 orta
413 3004 479 3046 esse
502 2986 630 3047 uidetur.
633 2978 658 3067 3)

222 3082 304 3142 Pers.
328 3080 407 3164 392,
431 3082 509 3144 Fest.
532 3103 560 3163 p.
584 3080 648 3144 297
677 3102 700 3142 s.
725 3103 752 3143 u.
778 3082 991 3143 Soracum:l
959 3077 1144 3163 [librOJrum
1168 3086 1306 3142 eccillam

129 3174 250 3258 [babeo
265 3175 407 3259 plenam]
425 3198 575 3240 soracum.
617 3179 698 3249 Quae
722 3179 799 3257 apud
815 3179 937 3241 Festum
961 3189 1042 3240 certa
1066 3188 1136 3239 sunt
1159 3181 1306 3239 librorum

130 3270 297 3355 eccillam[
309 3272 476 3355 ]soracam
503 3295 628 3354 prorsus
656 3297 723 3338 cum
748 3279 771 3337 h
794 3286 826 3337 et
848 3278 870 3337 P
894 3281 1093 3338 consentiunt.
1138 3276 1173 3336 ln
1197 3279 1306 3337 ceteris

130 3374 159 3431 si
182 3374 206 3431 Α
235 3372 368 3434 exhibet:
398 3372 859 3455 PLENVMlLLVMSOlthCVM,
886 3375 922 3436 P:
949 3377 1046 3436 babeo
1071 3378 1194 3451 plenam
1220 3392 1306 3434 sora-

132 3488 204 3529 cum
220 3479 356 3530 neutram
377 3473 555 3549 scripturam
569 3472 673 3532 Plauto
695 3471 785 3533 tribui
804 3490 892 3549 posse
907 3480 1030 3551 propter
1049 3471 1162 3531 hiatum
1176 3480 1307 3549 apparet.

130 3568 218 3647 Apud
238 3567 360 3663 Festum
385 3586 459 3647 quae
483 3571 603 3649 luerint,
626 3568 783 3630 enucleare
807 3569 884 3629 uelle
908 3570 1022 3629 inutilis
1041 3568 1161 3629 uidetur
1180 3563 1307 3650 opera.³)
1389 3587 1392 3593 ·

207 3780 233 3846 1)
252 3776 313 3831 Hae
341 3776 442 3831 lacuna
466 3793 521 3831 non
547 3778 676 3845 respecta
698 3775 810 3830 Brixius
838 3775 962 3843 (Quaest.
986 3779 1031 3844 35)
1061 3776 1102 3830 sie
1129 3776 1308 3831 scribendum

129 3859 228 3927 putat:
256 3857 361 3911 ‘sacres
385 3856 503 3911 sinceri?
534 3872 633 3910 numos
661 3872 679 3909 a
702 3855 766 3911 med
790 3854 909 3924 accipe'.
946 3872 1018 3924 qnae
1042 3856 1183 3926 scriptura
1204 3874 1255 3925 per
1278 3875 1307 3912 se

129 3939 196 4006 ipsa
214 3936 361 3991 refutatur.
383 3968 415 3975 —
439 3938 466 4005 2)
485 3934 614 3989 Ceterum
637 3934 661 3988 si
679 3935 731 3990 hoc
750 3936 814 3990 loco
837 3936 913 4005 apud
931 3935 1055 3990 Nonium
1074 3955 1101 4006 p.
1119 3943 1170 3991 177
1189 3938 1307 4008 scriptu·

129 4034 192 4071 ram
212 4014 371 4071 innenimus
389 4015 473 4070 hanc:
503 4014 570 4069 ‘Vbi
587 4016 624 4069 ad
641 4017 839 4084 paupertatem
857 4015 1019 4085 admigrant
1036 4016 1169 4071 infamiae
1187 4034 1307 4086 pauper-

129 4100 175 4151 tas
196 4094 312 4165 grauior
331 4096 376 4162 fit,
395 4095 465 4149 fides
485 4094 668 4161 ‘sublestior’‚
687 4094 752 4149 inde
769 4112 828 4150 non
845 4095 881 4150 de
900 4096 1091 4165 discrepantia
1109 4096 1307 4151 coddPlauti-

129 4194 233 4231 norum
264 4175 445 4245 cogitandum
471 4175 525 4243 est,
554 4174 603 4229 sed
632 4174 690 4228 sine
716 4175 802 4228 dubio
831 4176 878 4229 hic
906 4176 983 4230 locus
1009 4175 1040 4229 in
1064 4176 1150 4230 Nonii
1171 4176 1250 4230 fonte
1272 4194 1307 4232 ex

129 4254 271 4310 memoria
293 4256 396 4310 allatus
419 4254 481 4309 fuit.
510 4285 543 4295 -
572 4256 600 4322 3)
614 4252 698 4309 Vario
717 4254 803 4308 modo
821 4254 877 4309 uiri
895 4254 971 4310 docti
984 4257 1059 4309 hunc
1072 4273 1184 4310 uersum
1202 4258 1305 4312 traam

128 4336 244 4389 uerunt.
264 4333 358 4403 Atque
368 4334 502 4389 librorum
513 4333 627 4401 quidem
637 4334 777 4403 scriptura
790 4351 848 4389 non
861 4334 978 4389 offendit
988 4335 1170 4404 Spengelium
1180 4336 1223 4405 (Τ.
1232 4336 1307 4392 Mac-

129 4418 192 4489 cius
212 4418 331 4471 Plautus
356 4434 384 4485 p.
405 4418 476 4483 195).
513 4413 626 4481 Reliqui
652 4418 748 4469 autem
771 4415 851 4469 uaria
873 4415 982 4469 ratione
1005 4415 1115 4469 hiatum
1137 4416 1238 4471 tollere
1260 4435 1307 4473 co·

128 4497 192 4551 nati
212 4498 289 4550 sunt:
309 4494 481 4549 Ritschelius
499 4496 565 4562 post
586 4492 739 4550 ‘eccillum'
760 4494 879 4549 inseruit
897 4496 989 4564 .‘ego',
1006 4495 1158 4550 Muellerus
1180 4497 1307 4566 scripsit:
1377 4519 1387 4533 ·
