3192 5209
790 395 1027 457 „220-

413 555 494 615 Pers.
518 552 597 636 419,
624 555 704 617 Paul.
728 575 756 635 p.
780 554 846 617 336
870 559 1055 619 Sedueulum
1079 558 1136 636 [sie
1165 562 1243 621 enim
1268 559 1352 621 codd.
1376 560 1496 638 optimi]
1574 589 1575 602 ¹

321 671 419 727 penus
437 656 556 727 flupelli
578 656 700 733 dietum,
724 659 808 729 quod
829 661 1009 734 uapuiames
1031 660 1176 718 sudantes
1195 656 1283 732 facit.
1316 656 1496 737 Corruptam
1574 669 1575 682 ¹

324 768 389 810 esse
418 749 494 809 bano
522 750 647 829 glossam
676 751 744 813 inde
772 761 867 836 patet,
900 756 979 834 quod
1007 774 1023 815 a
1052 774 1127 815 uoee
1159 758 1275 816 sudare
1307 764 1341 815 ut
1367 759 1496 816 sednon-

323 854 384 909 lum
398 846 553 909 deriuetur
568 852 632 909 lieri
653 868 713 910 non
727 860 835 931 potest
872 852 964 913 immo
985 853 1205 914 restituendum
1224 862 1270 914 est
1288 859 1412 932 propter
1431 870 1497 913 eam

322 946 599 1024 interpretationem
622 951 812 1009 suduculum.
859 950 961 1030 Neque
985 953 1064 1011 enim
1088 970 1157 1011 oum
1175 951 1305 1012 Meursio
1323 954 1498 1011 audientum

322 1046 529 1125 restituemus,
563 1048 588 1106 si
620 1064 684 1105 eam
717 1046 843 1125 glossam
876 1051 1027 1128 pertinere
1058 1049 1094 1109 ad
1124 1048 1206 1109 Pers.
1233 1047 1299 1110 419
1332 1048 1495 1110 Ritsohelio

323 1141 530 1221 concedemus
549 1141 600 1203 ubi
618 1144 656 1203 A:
681 1142 901 1222 SVBVCVLVM
920 1164 979 1206 nna
997 1146 1021 1205 Β
1040 1147 1138 1208 littera
1157 1147 1321 1208 seeundum
1340 1145 1496 1207 Ritsehelii
1575 1175 1576 1198 t

322 1242 543 1324 annotationem
562 1242 685 1321 ineerta,
704 1230 727 1300 P
746 1245 919 1305 cubiculum
937 1243 1089 1324 praebent.
1133 1244 1229 1324 Atque
1252 1248 1284 1306 in
1303 1245 1326 1306 A
1350 1246 1415 1305 siue
1441 1245 1498 1304 tuit

322 1338 410 1396 tertia
438 1336 527 1398 huius
556 1340 640 1399 noeis
668 1338 766 1401 littera
789 1340 826 1420 B,
850 1343 915 1401 siue
939 1342 1008 1422 alia,
1034 1342 1108 1402 mihi
1134 1342 1258 1403 dubium
1285 1361 1346 1402 non
1375 1341 1499 1403 uidetur

322 1452 397 1515 esse,
422 1437 493 1514 quin
516 1436 595 1496 idem
619 1437 706 1516 quodv
726 1436 804 1517 apud
827 1438 950 1500 Paulum
978 1439 1121 1501 habemus
1143 1435 1274 1523 {uerbum
1298 1443 1328 1501 in
1352 1440 1375 1500 A
1399 1440 1498 1501 lateat.

323 1532 468 1611 Congruit
490 1536 581 1613 igitur
605 1536 705 1613 etiarn
717 1535 772 1597 hae
795 1539 828 1597 in
850 1555 925 1598 uoee
949 1536 1056 1600 Festus
1079 1557 1147 1599 eum
1171 1539 1204 1599 A.

410 1631 499 1691 Poen.
523 1631 547 1690 V
570 1628 600 1715 5,
626 1631 675 1693 12.
702 1630 753 1713 13,
775 1634 856 1695 Paul.
879 1655 907 1715 p.
931 1633 973 1697 28
997 1637 1115 1698 atritas
1138 1640 1203 1697 atri
1224 1640 1342 1698 eoloris.
1375 1635 1498 1713 Aeayp-

322 1733 399 1789 tinos
426 1730 599 1807 Aethiopus.
652 1730 772 1811 Spectat
804 1732 852 1792 illa
885 1733 982 1812 glossa
1015 1734 1051 1794 ad
1084 1753 1112 1795 n.
1138 1733 1178 1796 12
1211 1733 1263 1794 ubi
1291 1736 1402 1794 atritas
1436 1736 1500 1812 qui-

224 1828 227 1837 '
320 1826 389 1887 dem
427 1830 515 1887 etiam
555 1828 639 1889 codd.
671 1828 825 1907 exhibent,
868 1829 941 1891 baec
978 1831 1013 1890 ad
1054 1850 1082 1891 u.
1122 1829 1162 1892 13
1201 1834 1254 1911 qui
1291 1834 1334 1894 sis
1374 1832 1500 1911 legitur:

323 1924 354 1985 P.
386 1928 483 1999 Quam
516 1928 648 2005 Aepypti
679 1934 734 1987 aut
764 1930 820 2001 qui
847 1932 1001 1988 'cortinam
1033 1932 1113 1990 ludis
1140 1949 1200 2006 per
1233 1934 1351 1991 circum
1380 1930 1499 2006 serunt.

322 2023 355 2083 A.
387 2025 484 2096 01111
512 2025 678 2103 Aepyptini
707 2028 762 2099 qui
793 2032 849 2085 eto.
896 2026 1066 2100 Consensns
1098 2030 1189 2113 igitur
1222 2035 1268 2088 est
1299 2030 1378 2088 inter
1410 2028 1434 2088 A
1471 2035 1500 2087 et

323 2115 485 2202 Festum.1)

411 2218 517 2280 Pseud.
544 2218 622 2301 110,
646 2218 724 2282 Fest.
748 2241 775 2301 p.
800 2218 965 2283 35511.
989 2222 1147 2285 Turbeias:
1178 2228 1243 2298 Quo
1266 2230 1327 2286 alto
1350 2232 1381 2285 et
1403 2242 1500 2299 quaa-

323 2324 371 2377 tas
393 2320 504 2378 soleam
528 2321 664 2380 turbelas
688 2322 772 2381 aare.
820 2318 909 2379 Codd.
929 2327 1024 2395 paeto
1046 2327 1134 2400 atque
1158 2320 1182 2380 P
1204 2324 1363 2397 turbellas,
1386 2320 1410 2381 A
1435 2328 1501 2381 tur-

323 2417 412 2476 belas.
450 2414 548 2494 Atque
567 2419 598 2477 in
612 2415 694 2479 Festi
713 2418 833 2497 quidem
853 2418 1014 2497 scriptura:
1038 2420 1102 2490 Quo
1122 2423 1183 2480 alto
1197 2418 1374 2482 Ursinianus
1391 2436 1501 2479 uocem

271 2551 275 2558 -
322 2518 426 2588 quales
459 2513 551 2574 latere
586 2522 668 2576 ratus
701 2525 754 2577 est.
801 2515 912 2577 Tamen
940 2533 1119 2595 quamquam
1148 2519 1250 2578 uersni
1278 2516 1502 2578 accommodata
1578 2539 1579 2570 i

323 2618 369 2671 est
392 2612 464 2673 haee
488 2614 650 2695 scriptura,
678 2615 766 2678 talem
793 2614 992 2675 differentiam
1020 2622 1151 2675 statuere
1180 2617 1275 2675 eoaeti
1298 2633 1358 2676 non
1382 2631 1497 2692 sumus,

322 2728 390 2770 oum
415 2710 553 2771 facillime
581 2711 695 2773 librarii
723 2730 826 2773 errore
855 2730 892 2772 ex
915 2709 1116 2780 QVOPACTO
1140 2714 1250 2773 omisso
1273 2712 1295 2772 P
1319 2709 1499 2783 QVOACTO

325 2816 356 2867 et
378 2808 447 2868 inde
472 2806 650 2879 OVOALTO
674 2811 738 2870 fieri
761 2812 901 2889 potuerit.

412 2905 503 2967 Stiob.
528 2904 607 2987 352,
631 2908 708 2968 Fest.
732 2927 760 2987 p.
786 2905 849 2968 169
874 2925 897 2968 1.
922 2926 949 2967 u.
973 2906 1158 2970 Nassiterna:
1187 2910 1301 2984 Ecquis
1323 2910 1385 2969 buc
1407 2908 1502 2981 effert

322 3000 526 3059 nassiternam
550 3014 618 3057 cum
642 3015 723 3071 aqna
745 3000 812 3057 sine
833 2996 1025 3083 suffraqio?¹
1054 2998 1078 3058 P
1100 2990 1192 3079 idern’,
1215 2999 1285 3057 nisi·
1296 2995 1375 3075 quod
1398 3000 1501 3057 nasci-

322 3103 456 3158 ternam:
479 3096 503 3156 A
526 3099 728 3157 nassiternam
752 3114 821 3155 enm
844 3093 934 3156 Festo
956 3089 1113 3179 exbibet.²)

412 3190 576 3273 1111124,
603 3191 683 3253 Paul.
706 3211 735 3271 p.
762 3189 824 3254 109
849 3211 872 3253 1.
896 3211 923 3253 u.
948 3195 1110 3265 Immanis5
1138 3195 1273 3255 Immune
1298 3200 1345 3256 est
1362 3192 1500 3269 sueinus.

321 3292 346 3352 A
369 3291 462 3372 idem,
485 3290 508 3349 P
532 3292 657 3351 Inmene
680 3298 725 3351 est
743 3290 878 3367 sueinus.
923 3288 1053 3350 Exhibet
1074 3293 1166 3370 igitur
1189 3290 1298 3351 Paulus
1321 3290 1407 3370 plane
1431 3290 1504 3349 Am-

321 3389 454 3450 brosiani
486 3390 674 3467 scripturam.
725 3386 830 3467 Neque
865 3406 938 3448 uero
970 3387 1076 3449 Plauto
1113 3387 1301 3450 tribuendam
1332 3408 1399 3449 esse
1432 3407 1498 3449 eam

322 3489 460 3569 iormam,
489 3504 576 3567 quam
601 3484 624 3546 A
648 3493 678 3546 et
700 3484 825 3566 Paulus,
852 3484 904 3545 sed
932 3502 996 3545 eam
1025 3504 1114 3565 quarn
1137 3484 1160 3545 P
1189 3484 1329 3547 exhibent
1357 3492 1501 3546 11111111-

323 3586 446 3645 stiorem
470 3592 600 3663 apparet.

411 3682 471 3742 lam
495 3684 585 3743 unius
614 3683 713 3742 statim
737 3680 795 3741 loci
825 3682 937 3741 mentio
965 3680 1099 3741 iacienda
1121 3688 1176 3761 est,
1203 3680 1255 3741 ubi
1278 3680 1355 3761 apud
1378 3665 1513 3741 Festum'

323 3798 387 3841 earn
412 3782 599 3860 scripturam,
623 3797 710 3859 quam
734 3778 756 3837 P
779 3778 933 3860 praebent,
956 3778 1115 3838 offendisse
1138 3778 1284 3839 uidemur.
1321 3777 1410 3838 Truo.
1425 3775 1502 3851 277,

323 3878 403 3940 Paul.
419 3876 482 3939 221
509 3880 651 3939 Patalam
675 3880 780 3952 bouem
800 3878 929 3938 Plautus
953 3878 1099 3954 appellat,
1121 3880 1210 3938 euius
1232 3895 1351 3939 cornua
1375 3879 1503 3937 diuersa

396 4098 421 4164 1)
442 4094 571 4151 Ceterum
593 4113 619 4149 u.
640 4099 674 4147 12
694 4094 842 4163 corruptus
865 4095 924 4162 111,
948 4108 1012 4146 oum
1030 4091 1061 4145 in
1079 4091 1159 4146 codd.
1179 4092 1282 4146 exalet:
1308 4090 1364 4145 ‘Ita
1381 4090 1501 4160 replebo

325 4176 441 4230 11111111
461 4175 580 4230 atratior
598 4174 650 4247 [sie
665 4173 702 4242 Ἀ,
722 4172 811 4227 atrior
828 4173 863 4244 P]
889 4172 980 4227 multo
1002 4173 1035 4225 111
1053 4170 1126 4226 siet'.
1163 4171 1281 4226 Hiatum
1299 4170 1382 4226 huius
1400 4185 1501 4225 uersus

324 4274 381 4311 non
399 4254 544 4311 ferendum
562 4255 595 4308 11
612 4253 740 4321 tolleret,
766 4253 926 4323 Geppertus
946 4251 987 4305 sie
1005 4251 1134 4306 correxit:
1165 4250 1222 4306 ‘Ita
1238 4250 1408 4321 repleuero'.
1447 4251 1504 4304 Ta·

323 4354 391 4393 men
405 4353 468 4391 eum
482 4335 684 4404 respondeaniz
702 4334 841 4403 ‘faciam’‚
858 4332 1007 4403 ‘replebo',
1022 4331 1138 4387 alterius
1151 4330 1241 4385 futuri
1254 4331 1373 4386 formam
1387 4329 1503 4384 omnino

325 4417 392 4472 huie
415 4417 478 4473 loeo
502 4414 651 4472 conuenire
670 4414 843 4485 negauerim.
884 4414 974 4467 Immo
997 4410 1169 4481 scripserim.-
1204 4410 1258 4465 ‘Ita
1275 4409 1391 4481 replebo
1411 4410 1502 4483 [eam]

324 4498 449 4554 atriiaie’
471 4515 495 4553 e.
511 4515 537 4567 q.
552 4516 573 4551 s.
593 4526 627 4538 -
647 4497 674 4565 2)
696 4494 738 4551 of.
757 4495 865 4551 Loeuii
884 4493 1011 4549 Analeot
1029 4491 1121 4548 Plani.
1140 4510 1169 4561 p.
1191 4496 1249 4547 1⁷8.
