3192 5209
597 430 837 493 -239—

133 597 250 666 praeut
266 606 321 665 aaa
341 608 365 650 e.
385 609 412 668 q.
432 610 454 650 s.
491 588 522 651 G.
542 592 607 651 Non
622 594 753 668 pedidus
771 595 957 655 tormentari
976 597 1000 653 it
1016 614 1042 654 e.
1062 613 1089 673 q.
1109 612 1131 654 s.
1164 594 1305 655 Codicum

138 689 287 765 scriptura
315 693 460 748 tormento
480 687 550 762 suit,
574 687 623 747 uel
647 696 794 749 tormento
817 695 882 750 ruit
903 694 1070 752 cumomni
1089 710 1180 751 seusu
1199 702 1306 773 careat,

138 801 153 842 a
176 782 319 845 Lambino
339 785 502 848 secundum
521 784 600 845 illam
624 784 704 845 Festi
722 785 848 864 glossam
867 806 926 848 uox
945 795 1123 849 termentum
1140 790 1172 848 in
1191 796 1306 849 textuum

138 878 315 943 Plautinum*
331 884 477 960 peruenit.
518 882 614 961 Atque
634 889 812 943 termentum
834 882 941 945 bonam
965 904 1069 946 uocem
1093 885 1212 946 latinam
1231 905 1307 969 esse,

138 980 188 1036 cui
220 981 308 1040 etiam
336 997 405 1039 eum
429 997 548 1039 sensum
572 997 661 1058 quem
684 979 793 1042 Paulus
821 982 920 1041 inesse
949 982 1015 1042 uult
1040 981 1174 1043 tribuere
1200 1001 1305 1062 possu-

138 1093 218 1157 muS,
263 1095 338 1155 quae
372 1076 531 1137 Salmasius
573 1077 608 1137 ad
639 1076 720 1138 huuc
751 1078 850 1139 locum
882 1078 981 1139 attulit
1015 1079 1147 1159 exempla
1183 1098 1307 1157 momen,

137 1180 263 1251 tormen,
290 1192 400 1250 pumen
418 1192 434 1234 a
453 1174 554 1235 uerbis
573 1192 705 1252 mouere,
729 1183 880 1251 torquere,
904 1194 1021 1253 ponere
1039 1176 1172 1237 deriuata
1191 1179 1306 1239 docent.

143 1270 299 1331 Tormenta
318 1280 416 1332 autem
440 1274 611 1334 coniectura
634 1274 818 1352 ineptissima
842 1283 901 1356 est,
931 1283 964 1335 ut
987 1273 1158 1336 cubiculum
1180 1295 1235 1352 pro
1259 1294 1307 1335 su-

137 1367 289 1449 duculum,
312 1363 424 1451 aliae.¹)
449 1369 534 1431 Cure.
558 1366 610 1450 99,
633 1370 710 1431 Fest.
734 1391 762 1450 p.
788 1369 851 1433 166
875 1390 898 1432 s.
919 1390 946 1432 u.
963 1370 1092 1433 Nauteat
1115 1373 1160 1449 [..
1179 1420 1186 1433 .
1202 1420 1208 1434 .
1223 1375 1308 1433 idem

142 1464 338 1527 Curculione:
367 1468 443 1527 Nam
458 1471 534 1529 odor
552 1468 755 1545 n[npnentam
778 1468 928 1545 a[mnium
938 1488 1017 1546 prae
1035 1477 1087 1531 tuo
1100 1477 1215 1531 nautea
1238 1469 1309 1546 est]

140 1554 226 1622 B²El
254 1562 394 1625 exhibent
421 1583 545 1627 nausea.
592 1564 633 1625 lle
652 1584 709 1643 qna
738 1567 887 1644 scriptura
914 1566 951 1627 ci.
975 1585 1050 1645 quae
1073 1566 1150 1628 dicta
1175 1574 1245 1628 suut
1261 1567 1308 1627 'ad

138 1658 203 1719 Cas.
227 1660 294 1739 epil.
319 1658 347 1721 7.
371 1660 457 1722 Cura.
481 1658 515 1743 ὃ,
542 1660 620 1721 Fest.
645 1680 671 1740 p.
696 1658 762 1721 314
785 1680 807 1721 s.
831 1682 860 1722 u.
890 1663 991 1724 Status
1017 1664 1095 1725 dies:
1127 1666 1255 1725 Plautus
1277 1668 1310 1725 in

141 1757 337 1819 Curculione:
365 1760 401 1819 Si
422 1766 518 1820 status
541 1763 699 1821 condictus
721 1754 791 1819 cum
813 1761 898 1820 noste
920 1749 1182 1838 interceditdies,
1209 1768 1310 1822 tamen

138 1863 184 1915 est
206 1860 337 1917 eundum
361 1875 419 1932 auo
443 1861 594 1934 imperant
616 1860 754 1932 inaratis.
801 1855 943 1917 Codicum
966 1860 1096 1933 imperat
1118 1866 1206 1937 atque
1229 1858 1310 1919 Festi

139 1935 271 2027 inardtis
294 1953 407 2014 librarii
426 1973 544 2015 errores
558 1962 637 2015 suut.
673 1953 794 2013 Rectam
818 1962 916 2015 autem
939 1972 1005 2013 esse
1029 1954 1110 2016 Festi
1132 1957 1311 2034 scripturam

138 2059 242 2110 contra
256 2052 336 2129 quod
351 2052 518 2112 Macrobius
541 2052 643 2113 babet:
671 2054 842 2112 intercessit
869 2051 1072 2112 demonstrare
1100 2072 1160 2112 non
1188 2070 1309 2113 necesse

139 2140 228 2229 est.²)
275 2148 360 2209 Curc.
384 2145 458 2231 500,
482 2148 560 2211 Fest.
583 2169 611 2229 p.
635 2146 700 2209 210
723 2168 745 2209 s.
770 2167 798 2208 n.
822 2147 967 2208 Pedibus:
994 2152 1040 2210 sic
1063 2151 1190 2210 Plautus
1212 2149 1311 2226 refert

140 2250 172 2306 in
201 2247 398 2307 Curculione:
427 2248 501 2307 Item
531 2264 628 2321 penus
651 2248 731 2305 inter
753 2247 887 2305 immines
909 2264 974 2306 meo
1001 2249 1121 2321 quidem
1144 2251 1253 2322 animo,
1276 2254 1312 2308 ut

140 2361 272 2417 muscae,
296 2348 418 2427 culices,
441 2348 572 2425 cimices,
591 2346 752 2423 pedesque,
771 2345 957 2418 pulicesque.
989 2342 1092 2405 cndu:
1117 2346 1192 2405 Item
1213 2363 1311 2420 aeuus

140 2447 185 2499 cst
216 2443 374 2501 lenonium.
430 2440 590 2503 Omittunt:
623 2444 753 2501 cimices,
808 2439 890 2500 Mero
920 2440 1033 2500 librarii
1065 2444 1139 2502 uitio
1167 2450 1200 2503 ut
1232 2443 1309 2522 apud

140 2537 261 2598 Festum
288 2557 385 2613 aenas
418 2546 461 2599 est
491 2541 641 2598 lenonium
673 2538 716 2596 sic
748 2538 778 2595 in
795 2532 891 2601 codd.
920 2540 1041 2599 cimices
1069 2542 1211 2600 omissum
1244 2558 1310 2599 esse

131 2643 272 2714 apparet.
315 2636 390 2696 Meu.
417 2633 476 2696 101
501 2636 580 2695 Fest.
604 2655 632 2714 p.
656 2631 722 2694 310
746 2652 821 2721 siu.
845 2634 992 2697 struices:
1016 2638 1156 2697 Plautus:
1183 2639 1311 2697 Cerialis

142 2750 257 2793 caenas
272 2736 332 2794 dat.
353 2738 396 2794 ita
409 2752 528 2795 mensas
542 2737 666 2807 extruit,
685 2737 786 2791 tantas
804 2734 935 2792 struices
948 2737 1113 2794 concinnat
1126 2738 1311 2810 patinarias.

141 2830 238 2890 Libri:
261 2816 366 2911 cenas,
389 2848 535 2911 mensam,
559 2829 674 2890 llaClla
701 2830 843 2903 Certalis,
870 2829 913 2889 Bb
940 2830 1108 2905 cerateas,
1135 2830 1231 2892 noaz
1258 2833 1310 2893 Oe-

140 2932 244 2989 realis.
280 2927 322 2987 lle
347 2927 470 3007 singulis
493 2929 644 3007 disputare
670 2927 858 3006 supersedeo.
896 2926 971 2987 Men.
995 2924 1069 3008 395,
1092 2927 1170 2989 Fest.
1193 2947 1221 3008 p.
1245 2924 1310 2988 273

141 3044 164 3084 s.
190 3044 217 3085 u.
245 3024 346 3086 Ritus:
369 3026 515 3102 [Plautus
538 3029 569 3086 in
594 3026 816 3086 Menaechmis:
855 3026 942 3085 Certe
973 3027 1051 3085 baec
1082 3029 1191 3086 mulier
1219 3022 1311 3106 cam]

141 3123 258 3200 terin[o
295 3127 358 3183 ritu
393 3130 497 3185 astans
529 3126 665 3184 somniat.
724 3121 806 3182 BCll
829 3123 991 3182 cantherio
1014 3125 1065 3181 ori
1086 3129 1126 3182 tu.
1186 3122 1223 3184 cl.
1246 3122 1310 3183 unt.

141 3216 208 3281 495
241 3220 292 3280 ubi
321 3219 373 3279 BD
396 3220 520 3281 eandem
544 3219 741 3299 corruptelam
770 3228 858 3297 atque
887 3218 943 3278 boc
969 3219 1034 3279 loco
1058 3218 1205 3281 exhibent.
1251 3218 1310 3279 llil.

142 3314 208 3377 213
230 3316 311 3377 Paul.
334 3337 362 3397 p.
387 3315 427 3378 61
454 3337 476 3379 s.
497 3338 526 3379 u.
550 3316 740 3378 Comoedice:
763 3318 906 3376 Plautus:
929 3317 1016 3391 Euae
1038 3335 1091 3376 eus
1115 3319 1261 3378 adstetisti
1282 3324 1313 3377 et

143 3418 232 3475 dulce
263 3422 292 3473 ct
314 3418 492 3476 comoedice.
538 3415 569 3475 B.
594 3416 688 3490 Euae,
718 3416 859 3474 usclteme
881 3416 984 3475 hercle
1006 3417 1150 3475 astitisset
1172 3421 1202 3474 et
1224 3416 1313 3475 dulce

143 3518 173 3571 et
187 3513 365 3572 comoedice.
398 3510 429 3572 C.
440 3512 535 3593 Euae,
557 3515 650 3574 usclte
664 3530 710 3572 me
727 3514 832 3571 tercie
847 3514 944 3571 astitis
962 3520 992 3572 et
1009 3531 1035 3572 e.
1050 3530 1078 3590 q.
1092 3531 1115 3572 s.
1138 3511 1171 3572 ll.
1190 3513 1311 3587 Enyeu-

143 3610 262 3669 sclteme
284 3611 388 3669 hercle
410 3612 508 3669 astitis
531 3617 560 3670 et
583 3628 608 3669 e.
627 3628 654 3689 q.
674 3628 696 3669 s.
742 3607 824 3679 Quae
847 3607 904 3667 hoc
927 3608 991 3669 loco
1015 3612 1094 3669 iuter
1117 3608 1239 3670 Paulum
1264 3628 1312 3669 co-

47 3738 49 3744 =
144 3705 285 3785 dicesque
308 3708 470 3787 intersunt,
499 3710 627 3786 primum
652 3708 809 3768 euscheme
834 3713 885 3765 aut
908 3707 985 3785 apud
1009 3706 1132 3767 Paulum
1155 3715 1206 3767 aut
1229 3713 1311 3766 certe

144 3802 221 3883 apud
245 3803 366 3863 Festum
389 3804 481 3865 fuisse
509 3822 545 3865 ex
573 3806 678 3884 optimi
705 3802 919 3866 Guelferbitani
946 3804 1057 3865 codicis
1085 3805 1232 3883 scriptura
1258 3822 1311 3864 eas

218 4020 244 4088 1)
263 4015 367 4073 Vocem
392 4017 583 4075 ‘termentum'
607 4016 661 4075 hoc
684 4017 714 4075 in
732 4037 816 4075 uersu
841 4017 1045 4074 restituendam
1073 4034 1133 4073 esse
1156 4018 1210 4074 uiri
1237 4018 1312 4075 docti

148 4098 334 4153 consentiunt.
372 4098 494 4163 Quorum
513 4098 546 4153 de
564 4100 619 4153 hoc
637 4117 719 4155 uersu
738 4098 906 4155 difficillimo
925 4098 1076 4154 sententias
1095 4096 1168 4153 inter
1186 4116 1216 4154 se
1230 4092 1327 4169 repo?

147 4180 265 4249 mantes
285 4178 370 4233 babes
389 4194 406 4232 a
425 4177 517 4232 Gualt.
536 4178 731 4245 Brachmanno
756 4178 809 4248 (De
828 4178 1000 4233 Bacchidem
1018 4178 1217 4233 retractatione
1235 4194 1313 4233 scae·

147 4258 211 4313 nica
230 4258 309 4326 1880)
328 4257 357 4311 in
376 4256 557 4311 annotatione
576 4258 612 4311 ad
630 4258 705 4313 hunc
722 4276 835 4313 uersum
853 4257 995 4315 collectas.
1026 4258 1088 4330 Ipse
1106 4259 1313 4313 Brachmaunus

146 4342 305 4393 lamentum
326 4337 375 4391 loc
396 4338 453 4404 fuit
473 4338 603 4405 praefert.
637 4368 671 4377 -
699 4341 726 4407 2)
745 4336 874 4392 (lotorum
896 4339 952 4393 huc
973 4339 1146 4393 referendam
1164 4354 1224 4392 esse
1242 4340 1312 4407 puto

149 4432 211 4470 eam
239 4432 348 4484 qaoque
366 4416 488 4485 glossam
507 4434 579 4485 quae
598 4420 641 4472 est
659 4434 703 4487 ap.
722 4418 802 4475 Paul.
820 4437 848 4488 p.
869 4424 933 4474 102:
961 4419 1058 4473 Hostis
1083 4418 1159 4486 apud
1185 4417 1313 4486 animnos

145 4495 306 4569 pereamust
323 4497 471 4551 dicebatur.
