3192 5209
562 426 791 489 -227—

96 595 167 651 sunt.
190 586 387 648 Nihilominus
403 587 527 649 abusum
542 607 607 649 esse
627 587 710 648 Festi
725 589 893 648 testimonio
917 587 1062 667 Bnggium
1096 586 1261 647 Schoellius

95 690 121 745 in
142 691 242 744 annot.
262 684 297 744 ad
320 684 400 747 hunc
424 705 452 747 u.
477 686 556 748 dicit.
587 686 628 745 Ac
653 700 723 745 sane
747 687 846 744 uariae
870 684 1058 745 difficultates
1081 683 1169 745 nobis
1192 685 1261 744 oile-

95 790 204 842 runtur.
251 781 324 841 Nam
348 783 478 864 etiamsi,
500 790 658 863 postquam
682 800 750 842 cum
774 781 887 861 Bnggio
910 782 1044 843 lacunam
1064 783 1260 863 expleuimus,

95 896 208 940 uersum
238 882 424 940 octonarium
453 880 611 941 iambicum
640 880 718 960 apud
746 879 867 940 Festum
898 879 1052 963 habemus,
1089 900 1148 959 quo
1172 881 1261 940 Truc.

95 978 138 1039 illo
161 976 235 1055 loco,
259 995 327 1037 cum
347 976 480 1056 Astaphii
504 982 635 1040 narratio
659 980 828 1057 incipiatur,
852 985 1012 1055 sequentes
1035 986 1132 1038 autem
1151 996 1261 1039 uersus

96 1072 222 1136 eiusdem
248 1076 366 1153 generis
394 1076 466 1156 sint,
494 1094 569 1156 opus
598 1084 657 1157 est,
691 1084 789 1137 tamen
818 1074 1007 1135 offenderunt
1034 1078 1093 1136 uiri
1120 1075 1201 1138 dccii
1229 1078 1261 1137 in

96 1173 255 1233 coniunctis
290 1170 391 1231 uerbis
425 1175 510 1248 apud
536 1192 589 1233 aas
622 1176 703 1234 alaim
729 1189 796 1234 cum
825 1180 877 1232 aut
904 1175 989 1247 apud
1019 1191 1073 1232 nos
1100 1180 1151 1232 aut
1182 1175 1265 1233 domi

96 1271 158 1329 satis
182 1286 249 1329 esse
273 1274 395 1347 putent:
424 1267 527 1348 Neque
550 1279 649 1343 tamen
672 1274 703 1331 in
721 1270 768 1331 his
788 1269 890 1330 uerbis
913 1268 1099 1347 haerendum
1119 1278 1174 1348 est,
1193 1289 1262 1330 cum

97 1365 166 1446 apud
184 1364 322 1425 Plautum
342 1366 440 1444 ipsum
453 1365 558 1446 Amph.
575 1364 638 1429 759
658 1368 790 1447 legamus
810 1370 854 1427 ad
871 1374 900 1427 te
919 1370 1047 1448 domum,
1070 1366 1122 1427 ubi
1143 1366 1265 1427 domum

96 1462 193 1523 endem
231 1465 297 1523 iure
335 1480 590 1541 superuacaneum
626 1484 692 1525 esse
730 1464 858 1525 uidetur.
905 1463 948 1524 Cl.
977 1466 1072 1524 etiam·
1100 1463 1158 1525 Cic.
1188 1463 1264 1524 Sest.

98 1558 143 1641 18,
164 1557 223 1620 41:
247 1562 332 1637 apud
353 1577 399 1621 me
423 1563 510 1622 domi.
556 1564 598 1623 Ac
627 1564 651 1623 si
679 1564 788 1623 mirum
816 1562 936 1622 uidetur
966 1561 1025 1621 dici
1047 1560 1083 1621 ab
1107 1560 1263 1642 Astaphio:

96 1660 170 1719 Huic
192 1661 309 1719 bomini
330 1676 397 1719 ntea
421 1678 477 1719 era
500 1664 642 1721 naeniam
666 1663 752 1734 dixit,
780 1677 958 1738 quamquam
981 1661 1007 1718 is
1030 1658 1162 1719 nondum
1186 1677 1264 1719 mor-

97 1766 160 1817 tuus
183 1762 238 1837 est,
261 1744 352 1816 uersu
376 1760 526 1835 sequenti:
556 1760 633 1819 Nara
657 1757 751 1833 fundi
777 1764 808 1819 et
835 1760 922 1817 aedis
948 1758 1101 1831 obliqatae
1126 1764 1198 1817 suat
1219 1758 1264 1817 ob·

96 1858 203 1915 amaris
229 1856 393 1931 praedium
415 1854 445 1913 id
464 1857 573 1934 optime
594 1856 765 1935 explicatur.
804 1854 891 1915 Certe
911 1856 989 1914 enim
1010 1862 1130 1915 nostrae
1148 1852 1264 1914 fabulae

98 1951 301 2011 meretricibus
325 1953 351 2011 is
374 1960 486 2012 amator
508 1972 563 2032 pro
587 1960 704 2013 mortuo
729 1960 788 2033 est,
813 1954 864 2030 qui
888 1951 961 2011 nihil
983 1953 1041 2012 iam
1065 1951 1135 2011 dare
1159 1960 1260 2031 potest

100 2049 202 2109 Contra
226 2049 299 2110 haec
323 2051 348 2109 si
372 2049 506 2111 codicum
532 2053 709 2131 scripturam
733 2048 978 2130 contemplamur,
999 2068 1122 2109 uersum
1146 2052 1266 2109 omnino

100 2164 153 2206 non
177 2146 327 2207 babemus.
373 2146 471 2217 Quare
491 2148 671 2227 Geppertus:
695 2152 817 2209 neniam
840 2151 926 2224 apud
945 2166 998 2208 nos
1018 2151 1099 2207 diait
1116 2151 1154 2208 ale
1172 2150 1267 2229 bonis,

101 2244 285 2323 Spengelius:
308 2249 429 2305 neniam
449 2248 639 2322 autrannus,
660 2245 842 2306 Schoellius:
863 2248 1004 2305 naeniam
1023 2263 1090 2305 mea
1109 2264 1165 2306 era
1183 2248 1269 2321 apud

97 2360 146 2403 aas
175 2346 255 2402 dicit
282 2345 320 2403 ale
348 2344 432 2403 bunis
461 2346 655 2422 scripserunt.
701 2343 772 2404 Mihi
801 2345 949 2403 debonis
977 2342 1122 2420 glossema
1147 2342 1266 2402 uidetur

98 2458 159 2499 esse
183 2438 219 2499 ab
244 2438 344 2517 aliquo
365 2438 400 2498 ad
425 2439 628 2518 explicandam
648 2440 826 2519 singularem
846 2438 925 2499 illam
945 2438 1105 2499 dictionem
1123 2444 1267 2500 naeniam

99 2541 141 2597 illi
162 2540 242 2597 dixit
265 2535 426 2617 adiectum,
455 2555 514 2615 quo
537 2536 664 2599 uerbum
688 2541 770 2598 domi
791 2556 809 2597 e
833 2544 915 2597 textu
940 2538 1069 2597 eiectum
1092 2545 1146 2597 est.
1192 2537 1266 2597 Mire

98 2636 173 2694 enirn
197 2634 309 2695 dictum
333 2642 425 2695 esset:
449 2639 591 2695 naeniam
615 2639 720 2697 elicere
742 2639 839 2696 alicui
861 2638 958 2695 alicui
980 2638 1040 2709 rei,
1071 2634 1150 2712 quod
1174 2634 1267 2713 Spen-

99 2733 190 2811 gclius
214 2732 287 2812 uult,
312 2741 367 2793 aut
389 2737 531 2795 naeniam
555 2736 776 2795 dicere'allcui
799 2736 838 2793 ale
859 2736 1027 2806 aliquare,
1051 2731 1130 2810 quod
1150 2732 1268 2791 codices

98 2828 246 2910 praebent.
292 2830 391 2901 Quare
413 2829 471 2890 hoc
494 2848 613 2910 quoque
640 2831 706 2892 loco
735 2829 887 2890 meliorem
911 2848 998 2909 quom
1024 2846 1127 2888 omnes
1150 2828 1268 2888 codices

100 2930 192 2987 nostri
217 2929 395 3006 scripturam
418 2928 495 3007 apud
519 2927 640 2989 Festum
665 2928 803 2988 traditam
827 2946 892 2987 esse
915 2936 997 3005 puto.

182 3024 226 3083 Ad
248 3024 355 3085 Pseud.
382 3022 461 3104 301,
493 3024 571 3085 Fest.
600 3044 628 3103 p.
655 3023 716 3086 178
745 3042 825 3108 quae
859 3043 883 3086 s.
907 3043 935 3084 u.
960 3023 1170 3084 Oculissimum
1199 3024 1267 3083 olle·

99 3131 212 3202 runtur,
231 3130 378 3202 spectant:
403 3125 487 3183 idem
507 3126 537 3183 ia
557 3118 724 3203 Psechlolo
743 3126 896 3183 oculatum
914 3139 973 3198 pro
988 3116 1166 3200 prae[senti
1178 3122 1269 3196 ponit

97 3238 163 3279 cum
186 3223 279 3282 aiau:
303 3215 419 3299 Emiffto
443 3222 493 3280 die
516 3239 611 3281 caeca
633 3223 760 3281 hercule
783 3216 923 3301 [oliuunq
947 3221 981 3279 id
997 3222 1121 3279 uendite
1142 3220 1266 3278 oculata

102 3311 176 3395 dieJ.
216 3316 290 3377 Cum
320 3316 463 3377 dubitatio
487 3335 553 3377 esse
577 3336 637 3378 non
660 3318 768 3398 possit,
796 3319 868 3396 quin
899 3316 955 3375 hoc
983 3316 1048 3375 loco
1071 3314 1179 3375 Pseud.
1203 3312 1266 3375 301

100 3413 200 3473 allatus
224 3414 328 3496 leserit,
355 3422 437 3475 recte
461 3416 537 3494 apud
561 3415 736 3476 Muellerum
765 3413 886 3475 lacunae
911 3412 1063 3493 suppletae
1087 3419 1165 3472 sunt.
1211 3410 1269 3472 Pro

100 3516 185 3573 emito
213 3520 313 3572 autem
340 3511 433 3573 codd·
453 3511 505 3571 Bll
533 3511 677 3591 praebent
704 3530 784 3583 eme;
819 3511 897 3589 quod
930 3513 1018 3572 etiam
1045 3512 1077 3569 in
1108 3509 1129 3570 C
1157 3505 1270 3569 codicis

100 3612 245 3687 scripturo
268 3615 300 3669 et
321 3627 367 3669 rae
390 3609 482 3669 latere
507 3609 635 3670 uidetur.
682 3608 895 3668 Ambrosianus
918 3606 1080 3670 Ritschelio
1104 3605 1270 3667 secundum

103 3709 320 3768 annotationem
352 3706 431 3767 idem
463 3725 527 3767 eme
559 3706 700 3767 exhibere
732 3707 817 3766 trisus
849 3713 903 3766 est.
947 3706 1077 3785 Apparet
1103 3708 1192 3767 emila
1214 3704 1271 3763 hoc
1354 3748 1357 3751 .

101 3802 163 3863 loco
188 3806 275 3865 unice
299 3812 410 3865 rectam
434 3823 500 3865 esse
524 3806 710 3884 scripturam.

188 3901 232 3961 Ad
260 3902 340 3964 Trin.
369 3900 449 3983 243,
480 3900 564 3963 Pauli
595 3902 691 3982 glossa
722 3922 752 3981 p.
778 3899 841 3963 116
873 3902 1025 3977 liquitur,
1058 3902 1173 3963 labitur
1200 3901 1272 3974 fluit

103 3993 252 4081 spectat.¹)
299 3999 408 4061 Versus
440 4000 489 4061 ille
522 4001 553 4059 in
586 4000 669 4062 codd.
693 3998 804 4060 ABCll
833 4000 946 4078 pariter
978 3999 1021 4059 sic
1053 3999 1179 4058 traditus
1212 4004 1272 4057 est:

102 4098 176 4158 Ilico
207 4116 258 4158 res
284 4096 381 4172 foras
403 4100 531 4171 labitur,
562 4101 697 4172 liquitur.
742 4097 826 4157 Paerli
852 4104 953 4158 autem
980 4096 1077 4175 glossa
1104 4101 1271 4155 commotus

99 4192 309 4255 Fleckeisenus
332 4196 447 4255 labitur
474 4194 547 4255 nihil
574 4196 632 4256 nisi
659 4193 891 4256 additamentum
921 4202 1003 4255 ratus
1031 4213 1048 4254 e
1076 4200 1159 4254 textu
1183 4193 1271 4252 eiecit

100 4310 281 4371 uersumque
314 4296 385 4354 satis
416 4292 609 4373 probabiliter
633 4294 680 4353 sic
700 4294 845 4355 restituit:
869 4294 944 4354 Ilico
962 4312 1012 4355 res
1027 4292 1117 4368 saras
1135 4294 1271 4367 liquitur.

172 4500 197 4571 1)
218 4498 390 4567 Fleckeisen,
408 4498 524 4555 Jahrbb.
544 4498 614 4571 CXI,
634 4504 693 4555 539.

886 4616 889 4619 .
1007 4588 1059 4641 15*
