<?xml version="1.0" encoding="UTF-8"?>
<!DOCTYPE html PUBLIC "-//W3C//DTD XHTML 1.0 Transitional//EN"
    "http://www.w3.org/TR/xhtml1/DTD/xhtml1-transitional.dtd">
<html xmlns="http://www.w3.org/1999/xhtml" xml:lang="en" lang="en">
 <head>
  <title>
</title>
<meta http-equiv="Content-Type" content="text/html;charset=utf-8" />
  <meta name='ocr-system' content='tesseract 3.04.00' />
  <meta name='ocr-capabilities' content='ocr_page ocr_carea ocr_par ocr_line ocrx_word'/>
</head>
<body>
  <div class='ocr_page' id='page_1' title='image "./defestietpavlil00leidgoog_0030.png"; bbox 0 0 3192 5209; ppageno 0'>
   <div class='ocr_carea' id='block_1_1' title="bbox 792 405 1029 468">
    <p class='ocr_par' dir='ltr' id='par_1_1' title="bbox 792 405 1029 468">
     <span class='ocr_line' id='line_1_1' title="bbox 792 405 1029 468; baseline -0.004 0"><span class='ocrx_word' id='word_1_1' title='bbox 792 440 826 449; x_wconf 92' lang='lat'><em>-</em></span> <span class='ocrx_word' id='word_1_2' title='bbox 876 405 1029 468; x_wconf 79' lang='lat'>224-</span> 
     </span>
    </p>
   </div>
   <div class='ocr_carea' id='block_1_2' title="bbox 320 565 1490 1132">
    <p class='ocr_par' dir='ltr' id='par_1_2' title="bbox 320 565 1490 1132">
     <span class='ocr_line' id='line_1_2' title="bbox 414 565 1489 647; baseline 0.002 -21"><span class='ocrx_word' id='word_1_3' title='bbox 414 566 525 627; x_wconf 90' lang='lat' dir='ltr'>Similis</span> <span class='ocrx_word' id='word_1_4' title='bbox 558 573 647 646; x_wconf 91' lang='lat' dir='ltr'>atque</span> <span class='ocrx_word' id='word_1_5' title='bbox 679 567 770 627; x_wconf 90' lang='lat' dir='ltr'>huius</span> <span class='ocrx_word' id='word_1_6' title='bbox 804 586 913 628; x_wconf 89' lang='lat' dir='ltr'>uersus</span> <span class='ocrx_word' id='word_1_7' title='bbox 946 571 1021 629; x_wconf 88' lang='lat' dir='ltr'>ratio</span> <span class='ocrx_word' id='word_1_8' title='bbox 1049 577 1095 628; x_wconf 90' lang='lat' dir='ltr'>est</span> <span class='ocrx_word' id='word_1_9' title='bbox 1117 568 1206 629; x_wconf 86' lang='lat' dir='ltr'>Truc.</span> <span class='ocrx_word' id='word_1_10' title='bbox 1229 565 1308 647; x_wconf 79' lang='grc'>572,</span> <span class='ocrx_word' id='word_1_11' title='bbox 1343 570 1395 645; x_wconf 88' lang='lat' dir='ltr'>qni</span> <span class='ocrx_word' id='word_1_12' title='bbox 1426 586 1489 628; x_wconf 92' lang='lat' dir='ltr'>cum</span> 
     </span>
     <span class='ocr_line' id='line_1_3' title="bbox 321 663 1489 747; baseline 0.003 -24"><span class='ocrx_word' id='word_1_13' title='bbox 321 665 397 744; x_wconf 89' lang='lat' dir='ltr'>apud</span> <span class='ocrx_word' id='word_1_14' title='bbox 423 682 515 724; x_wconf 91' lang='lat' dir='ltr'>unum</span> <span class='ocrx_word' id='word_1_15' title='bbox 538 663 664 725; x_wconf 91' lang='lat' dir='ltr'>Paulum</span> <span class='ocrx_word' id='word_1_16' title='bbox 687 673 783 727; x_wconf 85' lang='lat' dir='ltr'>exstet</span> <span class='ocrx_word' id='word_1_17' title='bbox 807 668 959 747; x_wconf 85' lang='lat' dir='ltr'>concisus,</span> <span class='ocrx_word' id='word_1_18' title='bbox 983 685 1042 747; x_wconf 88' lang='lat' dir='ltr'>quo</span> <span class='ocrx_word' id='word_1_19' title='bbox 1066 666 1152 726; x_wconf 91' lang='lat' dir='ltr'>modo</span> <span class='ocrx_word' id='word_1_20' title='bbox 1176 666 1253 746; x_wconf 91' lang='lat' dir='ltr'>apud</span> <span class='ocrx_word' id='word_1_21' title='bbox 1277 663 1400 725; x_wconf 80' lang='lat' dir='ltr'><strong>Festum</strong></span> <span class='ocrx_word' id='word_1_22' title='bbox 1422 668 1489 726; x_wconf 90' lang='lat' dir='ltr'>scri-</span> 
     </span>
     <span class='ocr_line' id='line_1_4' title="bbox 320 759 1489 847; baseline 0.003 -26"><span class='ocrx_word' id='word_1_23' title='bbox 320 771 390 841; x_wconf 94' lang='lat' dir='ltr'>ptus</span> <span class='ocrx_word' id='word_1_24' title='bbox 414 762 515 842; x_wconf 84' lang='lat' dir='ltr'>luerit,</span> <span class='ocrx_word' id='word_1_25' title='bbox 538 764 608 822; x_wconf 91' lang='lat' dir='ltr'>satis</span> <span class='ocrx_word' id='word_1_26' title='bbox 632 770 679 823; x_wconf 85' lang='lat' dir='ltr'>est</span> <span class='ocrx_word' id='word_1_27' title='bbox 701 762 835 847; x_wconf 84' lang='lat' dir='ltr'>dnhium.</span> <span class='ocrx_word' id='word_1_28' title='bbox 880 763 999 825; x_wconf 80' lang='lat' dir='ltr'><strong>Tradita</strong></span> <span class='ocrx_word' id='word_1_29' title='bbox 1027 764 1104 844; x_wconf 90' lang='lat' dir='ltr'>apud</span> <span class='ocrx_word' id='word_1_30' title='bbox 1133 763 1256 824; x_wconf 89' lang='lat' dir='ltr'>Paulum</span> <span class='ocrx_word' id='word_1_31' title='bbox 1278 782 1306 842; x_wconf 92' lang='lat' dir='ltr'>p.</span> <span class='ocrx_word' id='word_1_32' title='bbox 1330 759 1396 823; x_wconf 83' lang='lat'>366</span> <span class='ocrx_word' id='word_1_33' title='bbox 1419 781 1442 823; x_wconf 91' lang='lat' dir='ltr'>s.</span> <span class='ocrx_word' id='word_1_34' title='bbox 1464 784 1489 824; x_wconf 93' lang='lat' dir='ltr'>u.</span> 
     </span>
     <span class='ocr_line' id='line_1_5' title="bbox 321 854 1488 939; baseline 0.003 -20"><span class='ocrx_word' id='word_1_35' title='bbox 321 854 492 939; x_wconf 76' lang='lat' dir='ltr'>‘Tegillum’</span> <span class='ocrx_word' id='word_1_36' title='bbox 521 858 614 919; x_wconf 89' lang='lat' dir='ltr'>uerba</span> <span class='ocrx_word' id='word_1_37' title='bbox 642 859 715 921; x_wconf 89' lang='lat' dir='ltr'>haec</span> <span class='ocrx_word' id='word_1_38' title='bbox 744 871 827 923; x_wconf 90' lang='lat' dir='ltr'>sunt:</span> <span class='ocrx_word' id='word_1_39' title='bbox 863 863 1008 937; x_wconf 71' lang='lat' dir='ltr'>Tepillum</span> <span class='ocrx_word' id='word_1_40' title='bbox 1030 865 1197 923; x_wconf 70' lang='lat' dir='ltr'>militaret</span> <span class='ocrx_word' id='word_1_41' title='bbox 1219 864 1253 922; x_wconf 82' lang='lat' dir='ltr'>id</span> <span class='ocrx_word' id='word_1_42' title='bbox 1277 864 1308 921; x_wconf 81' lang='lat' dir='ltr'>si</span> <span class='ocrx_word' id='word_1_43' title='bbox 1331 864 1381 921; x_wconf 79' lang='lat' dir='ltr'>uic</span> <span class='ocrx_word' id='word_1_44' title='bbox 1406 863 1488 922; x_wconf 79' lang='lat' dir='ltr'>dubo.</span> 
     </span>
     <span class='ocr_line' id='line_1_6' title="bbox 321 957 1490 1039; baseline 0.003 -22"><span class='ocrx_word' id='word_1_45' title='bbox 321 957 518 1017; x_wconf 78' lang='lat' dir='ltr'>Consentiunt</span> <span class='ocrx_word' id='word_1_46' title='bbox 541 959 632 1035; x_wconf 84' lang='lat' dir='ltr'>igitur</span> <span class='ocrx_word' id='word_1_47' title='bbox 656 957 728 1017; x_wconf 89' lang='lat' dir='ltr'>haec</span> <span class='ocrx_word' id='word_1_48' title='bbox 752 957 845 1019; x_wconf 87' lang='lat' dir='ltr'>uerba</span> <span class='ocrx_word' id='word_1_49' title='bbox 869 978 937 1019; x_wconf 92' lang='lat' dir='ltr'>cum</span> <span class='ocrx_word' id='word_1_50' title='bbox 960 960 1113 1021; x_wconf 85' lang='lat' dir='ltr'>codicibus</span> <span class='ocrx_word' id='word_1_51' title='bbox 1137 978 1264 1039; x_wconf 88' lang='lat' dir='ltr'>quorum</span> <span class='ocrx_word' id='word_1_52' title='bbox 1287 958 1325 1019; x_wconf 76' lang='lat' dir='ltr'>A:</span> <span class='ocrx_word' id='word_1_53' title='bbox 1351 958 1490 1034; x_wconf 72' lang='lat' dir='ltr'>Tepillum</span> 
     </span>
     <span class='ocr_line' id='line_1_7' title="bbox 321 1055 1489 1132; baseline 0.001 -16"><span class='ocrx_word' id='word_1_54' title='bbox 321 1059 459 1116; x_wconf 79' lang='lat' dir='ltr'>eccillum</span> <span class='ocrx_word' id='word_1_55' title='bbox 483 1056 559 1115; x_wconf 78' lang='lat' dir='ltr'>milti</span> <span class='ocrx_word' id='word_1_56' title='bbox 580 1073 674 1116; x_wconf 83' lang='lat' dir='ltr'>uuum</span> <span class='ocrx_word' id='word_1_57' title='bbox 697 1062 773 1130; x_wconf 60' lang='lat' dir='ltr'>uret.</span> <span class='ocrx_word' id='word_1_58' title='bbox 797 1055 834 1116; x_wconf 88' lang='lat' dir='ltr'>P:</span> <span class='ocrx_word' id='word_1_59' title='bbox 861 1057 1005 1132; x_wconf 70' lang='lat' dir='ltr'>Teptllum</span> <span class='ocrx_word' id='word_1_60' title='bbox 1028 1063 1167 1120; x_wconf 79' lang='lat' dir='ltr'>eccillum</span> <span class='ocrx_word' id='word_1_61' title='bbox 1189 1061 1266 1118; x_wconf 77' lang='lat' dir='ltr'>mihi</span> <span class='ocrx_word' id='word_1_62' title='bbox 1284 1075 1378 1117; x_wconf 83' lang='lat' dir='ltr'>uuum</span> <span class='ocrx_word' id='word_1_63' title='bbox 1403 1063 1489 1119; x_wconf 81' lang='lat' dir='ltr'>aretit</span> 
     </span>
    </p>
   </div>
   <div class='ocr_carea' id='block_1_3' title="bbox 211 1149 1418 1235">
    <p class='ocr_par' dir='ltr' id='par_1_3' title="bbox 211 1149 1418 1235">
     <span class='ocr_line' id='line_1_8' title="bbox 211 1149 1418 1235; baseline 0.001 -22"><span class='ocrx_word' id='word_1_64' title='bbox 211 1216 212 1221; x_wconf 59' lang='grc'>,</span> <span class='ocrx_word' id='word_1_65' title='bbox 322 1153 473 1215; x_wconf 80' lang='lat' dir='ltr'>exhibent.</span> <span class='ocrx_word' id='word_1_66' title='bbox 520 1153 621 1213; x_wconf 78' lang='lat' dir='ltr'>Arett&#39;t</span> <span class='ocrx_word' id='word_1_67' title='bbox 643 1155 722 1213; x_wconf 91' lang='lat' dir='ltr'>enim</span> <span class='ocrx_word' id='word_1_68' title='bbox 746 1162 815 1215; x_wconf 85' lang='lat' dir='ltr'>aret</span> <span class='ocrx_word' id='word_1_69' title='bbox 838 1164 926 1235; x_wconf 89' lang='lat' dir='ltr'>atque</span> <span class='ocrx_word' id='word_1_70' title='bbox 951 1159 985 1216; x_wconf 85' lang='lat' dir='ltr'>id</span> <span class='ocrx_word' id='word_1_71' title='bbox 1005 1158 1146 1217; x_wconf 88' lang='lat' dir='ltr'>iteratum</span> <span class='ocrx_word' id='word_1_72' title='bbox 1169 1155 1289 1218; x_wconf 90' lang='lat' dir='ltr'>uidetur</span> <span class='ocrx_word' id='word_1_73' title='bbox 1313 1149 1418 1235; x_wconf 67' lang='lat' dir='ltr'>essel)</span> 
     </span>
    </p>
   </div>
   <div class='ocr_carea' id='block_1_4' title="bbox 293 1247 1509 2993">
    <p class='ocr_par' dir='ltr' id='par_1_4' title="bbox 319 1247 1488 1526">
     <span class='ocr_line' id='line_1_9' title="bbox 411 1247 1488 1334; baseline 0.003 -23"><span class='ocrx_word' id='word_1_74' title='bbox 411 1251 492 1313; x_wconf 87' lang='lat' dir='ltr'>Trio.</span> <span class='ocrx_word' id='word_1_75' title='bbox 516 1248 568 1311; x_wconf 87' lang='grc'>37.</span> <span class='ocrx_word' id='word_1_76' title='bbox 592 1247 645 1331; x_wconf 88' lang='lat'>38,</span> <span class='ocrx_word' id='word_1_77' title='bbox 668 1250 746 1311; x_wconf 88' lang='lat' dir='ltr'>Fest.</span> <span class='ocrx_word' id='word_1_78' title='bbox 769 1270 797 1330; x_wconf 86' lang='lat' dir='ltr'>p.</span> <span class='ocrx_word' id='word_1_79' title='bbox 820 1250 884 1313; x_wconf 85' lang='grc'>277</span> <span class='ocrx_word' id='word_1_80' title='bbox 910 1272 932 1314; x_wconf 87' lang='lat' dir='ltr'>s.</span> <span class='ocrx_word' id='word_1_81' title='bbox 956 1272 985 1313; x_wconf 93' lang='lat' dir='ltr'>u.</span> <span class='ocrx_word' id='word_1_82' title='bbox 1013 1253 1211 1333; x_wconf 81' lang='lat' dir='ltr'>Remeligines</span> <span class='ocrx_word' id='word_1_83' title='bbox 1234 1270 1327 1334; x_wconf 88' lang='lat' dir='ltr'>aeque</span> <span class='ocrx_word' id='word_1_84' title='bbox 1352 1250 1404 1329; x_wconf 90' lang='lat' dir='ltr'>su[</span> <span class='ocrx_word' id='word_1_85' title='bbox 1426 1252 1488 1331; x_wconf 89' lang='lat' dir='ltr'>]pu·</span> 
     </span>
     <span class='ocr_line' id='line_1_10' title="bbox 319 1347 1488 1432; baseline 0.002 -22"><span class='ocrx_word' id='word_1_86' title='bbox 319 1347 377 1426; x_wconf 91' lang='lat' dir='ltr'>hli[</span> <span class='ocrx_word' id='word_1_87' title='bbox 402 1396 408 1409; x_wconf 93' lang='lat'>.</span> <span class='ocrx_word' id='word_1_88' title='bbox 434 1396 441 1408; x_wconf 93' lang='lat'>.</span> <span class='ocrx_word' id='word_1_89' title='bbox 465 1396 471 1409; x_wconf 95' lang='lat'>.</span> <span class='ocrx_word' id='word_1_90' title='bbox 497 1396 503 1409; x_wconf 96' lang='lat'>.</span> <span class='ocrx_word' id='word_1_91' title='bbox 549 1348 611 1408; x_wconf 88' lang='lat' dir='ltr'>Hae</span> <span class='ocrx_word' id='word_1_92' title='bbox 643 1347 766 1409; x_wconf 79' lang='lat' dir='ltr'>laciniae</span> <span class='ocrx_word' id='word_1_93' title='bbox 795 1351 893 1429; x_wconf 81' lang='lat' dir='ltr'>qaroad</span> <span class='ocrx_word' id='word_1_94' title='bbox 925 1369 1097 1432; x_wconf 89' lang='lat' dir='ltr'>comparare</span> <span class='ocrx_word' id='word_1_95' title='bbox 1123 1370 1284 1431; x_wconf 90' lang='lat' dir='ltr'>possumus</span> <span class='ocrx_word' id='word_1_96' title='bbox 1313 1369 1381 1411; x_wconf 92' lang='lat' dir='ltr'>cum</span> <span class='ocrx_word' id='word_1_97' title='bbox 1410 1351 1488 1412; x_wconf 91' lang='lat' dir='ltr'>codd.</span> 
     </span>
     <span class='ocr_line' id='line_1_11' title="bbox 320 1456 1342 1526; baseline -0.003 -19"><span class='ocrx_word' id='word_1_98' title='bbox 320 1456 497 1526; x_wconf 82' lang='lat' dir='ltr'>congruunt.</span> <span class='ocrx_word' id='word_1_99' title='bbox 1340 1499 1342 1504; x_wconf 90' lang='lat'>.</span> 
     </span>
    </p>

    <p class='ocr_par' dir='ltr' id='par_1_5' title="bbox 293 1538 1509 2993">
     <span class='ocr_line' id='line_1_12' title="bbox 410 1538 1487 1627; baseline 0.003 -23"><span class='ocrx_word' id='word_1_100' title='bbox 410 1544 469 1606; x_wconf 91' lang='lat' dir='ltr'>Mil.</span> <span class='ocrx_word' id='word_1_101' title='bbox 483 1541 564 1625; x_wconf 78' lang='grc'>697,</span> <span class='ocrx_word' id='word_1_102' title='bbox 587 1544 665 1606; x_wconf 85' lang='lat' dir='ltr'>Fest.</span> <span class='ocrx_word' id='word_1_103' title='bbox 686 1542 753 1607; x_wconf 85' lang='lat'>330</span> <span class='ocrx_word' id='word_1_104' title='bbox 771 1538 794 1606; x_wconf 83' lang='lat' dir='ltr'>s.&#39;</span> <span class='ocrx_word' id='word_1_105' title='bbox 814 1565 843 1607; x_wconf 94' lang='lat' dir='ltr'>u.</span> <span class='ocrx_word' id='word_1_106' title='bbox 869 1546 976 1627; x_wconf 85' lang='lat' dir='ltr'>Spicit:</span> <span class='ocrx_word' id='word_1_107' title='bbox 998 1550 1162 1623; x_wconf 70' lang='lat' dir='ltr'>Rupilium</span> <span class='ocrx_word' id='word_1_108' title='bbox 1185 1554 1230 1608; x_wconf 84' lang='lat' dir='ltr'>est</span> <span class='ocrx_word' id='word_1_109' title='bbox 1251 1549 1281 1607; x_wconf 83' lang='lat' dir='ltr'>si</span> <span class='ocrx_word' id='word_1_110' title='bbox 1300 1549 1380 1607; x_wconf 77' lang='lat' dir='ltr'>nihil</span> <span class='ocrx_word' id='word_1_111' title='bbox 1399 1549 1487 1607; x_wconf 78' lang='lat' dir='ltr'>mitte-</span> 
     </span>
     <span class='ocr_line' id='line_1_13' title="bbox 293 1644 1489 1724; baseline -0.002 -20"><span class='ocrx_word' id='word_1_112' title='bbox 293 1677 295 1680; x_wconf 93' lang='lat'>·</span> <span class='ocrx_word' id='word_1_113' title='bbox 322 1652 381 1719; x_wconf 86' lang='lat' dir='ltr'>tur,</span> <span class='ocrx_word' id='word_1_114' title='bbox 405 1662 486 1719; x_wconf 79' lang='lat' dir='ltr'>quae</span> <span class='ocrx_word' id='word_1_115' title='bbox 507 1646 673 1719; x_wconf 77' lang='lat' dir='ltr'>supercilio</span> <span class='ocrx_word' id='word_1_116' title='bbox 696 1647 794 1720; x_wconf 78' lang='lat' dir='ltr'>spicit.</span> <span class='ocrx_word' id='word_1_117' title='bbox 841 1644 875 1705; x_wconf 94' lang='lat' dir='ltr'>ln</span> <span class='ocrx_word' id='word_1_118' title='bbox 899 1645 922 1704; x_wconf 82' lang='grc' dir='ltr'><strong>Α</strong></span> <span class='ocrx_word' id='word_1_119' title='bbox 946 1646 1025 1724; x_wconf 93' lang='lat' dir='ltr'>quod</span> <span class='ocrx_word' id='word_1_120' title='bbox 1047 1645 1105 1706; x_wconf 90' lang='lat' dir='ltr'>hoc</span> <span class='ocrx_word' id='word_1_121' title='bbox 1129 1645 1193 1705; x_wconf 93' lang='lat' dir='ltr'>loco</span> <span class='ocrx_word' id='word_1_122' title='bbox 1222 1647 1342 1705; x_wconf 81' lang='lat' dir='ltr'>maximi</span> <span class='ocrx_word' id='word_1_123' title='bbox 1365 1652 1412 1703; x_wconf 88' lang='lat' dir='ltr'>est</span> <span class='ocrx_word' id='word_1_124' title='bbox 1433 1662 1489 1703; x_wconf 88' lang='lat' dir='ltr'>mu-</span> 
     </span>
     <span class='ocr_line' id='line_1_14' title="bbox 321 1736 1490 1825; baseline -0.001 -24"><span class='ocrx_word' id='word_1_125' title='bbox 321 1744 413 1802; x_wconf 89' lang='lat' dir='ltr'>menti</span> <span class='ocrx_word' id='word_1_126' title='bbox 442 1760 522 1815; x_wconf 83' lang='lat' dir='ltr'>quae</span> <span class='ocrx_word' id='word_1_127' title='bbox 550 1748 618 1801; x_wconf 88' lang='lat' dir='ltr'>ante</span> <span class='ocrx_word' id='word_1_128' title='bbox 647 1759 751 1803; x_wconf 90' lang='lat' dir='ltr'>uocem</span> <span class='ocrx_word' id='word_1_129' title='bbox 779 1739 948 1818; x_wconf 82' lang='lat' dir='ltr'>supercilio</span> <span class='ocrx_word' id='word_1_130' title='bbox 976 1742 1033 1821; x_wconf 77' lang='lat' dir='ltr'>legi</span> <span class='ocrx_word' id='word_1_131' title='bbox 1061 1736 1196 1825; x_wconf 72' lang='lat' dir='ltr'>potest.²)</span> <span class='ocrx_word' id='word_1_132' title='bbox 1241 1742 1279 1822; x_wconf 91' lang='grc' dir='ltr'>Β,</span> <span class='ocrx_word' id='word_1_133' title='bbox 1307 1741 1359 1803; x_wconf 91' lang='lat' dir='ltr'>uhi</span> <span class='ocrx_word' id='word_1_134' title='bbox 1382 1741 1490 1819; x_wconf 89' lang='lat' dir='ltr'>reliqua</span> 
     </span>
     <span class='ocr_line' id='line_1_15' title="bbox 326 1837 1489 1919; baseline -0.003 -19"><span class='ocrx_word' id='word_1_135' title='bbox 326 1839 429 1900; x_wconf 89' lang='lat' dir='ltr'>eodem</span> <span class='ocrx_word' id='word_1_136' title='bbox 453 1837 542 1898; x_wconf 91' lang='lat' dir='ltr'>modo</span> <span class='ocrx_word' id='word_1_137' title='bbox 572 1848 606 1899; x_wconf 86' lang='lat' dir='ltr'>ut</span> <span class='ocrx_word' id='word_1_138' title='bbox 629 1838 707 1918; x_wconf 90' lang='lat' dir='ltr'>apud</span> <span class='ocrx_word' id='word_1_139' title='bbox 730 1837 854 1901; x_wconf 87' lang='lat' dir='ltr'>Festum</span> <span class='ocrx_word' id='word_1_140' title='bbox 880 1848 1011 1919; x_wconf 84' lang='lat' dir='ltr'>exstant,</span> <span class='ocrx_word' id='word_1_141' title='bbox 1033 1842 1132 1901; x_wconf 86' lang='lat' dir='ltr'>omisit</span> <span class='ocrx_word' id='word_1_142' title='bbox 1155 1840 1211 1901; x_wconf 91' lang='lat' dir='ltr'>hoc</span> <span class='ocrx_word' id='word_1_143' title='bbox 1234 1839 1372 1919; x_wconf 81' lang='lat' dir='ltr'>uerbum,</span> <span class='ocrx_word' id='word_1_144' title='bbox 1395 1837 1489 1914; x_wconf 69' lang='lat' dir='ltr'>cup</span> 
     </span>
     <span class='ocr_line' id='line_1_16' title="bbox 308 1932 1489 2018; baseline -0.001 -21"><span class='ocrx_word' id='word_1_145' title='bbox 308 1932 377 2018; x_wconf 51' lang='lat'>¹(=</span> <span class='ocrx_word' id='word_1_146' title='bbox 403 1932 485 2017; x_wconf 83' lang='lat' dir='ltr'>que),</span> <span class='ocrx_word' id='word_1_147' title='bbox 508 1935 531 1995; x_wconf 87' lang='lat' dir='ltr'>F</span> <span class='ocrx_word' id='word_1_148' title='bbox 555 1955 614 2012; x_wconf 80' lang='lat' dir='ltr'>quo</span> <span class='ocrx_word' id='word_1_149' title='bbox 643 1936 771 1997; x_wconf 82' lang='lat' dir='ltr'>exhibet.</span> <span class='ocrx_word' id='word_1_150' title='bbox 817 1937 913 2016; x_wconf 77' lang='lat' dir='ltr'>Atque</span> <span class='ocrx_word' id='word_1_151' title='bbox 946 1939 1075 2017; x_wconf 92' lang='lat' dir='ltr'>primum</span> <span class='ocrx_word' id='word_1_152' title='bbox 1110 1937 1230 2016; x_wconf 90' lang='lat' dir='ltr'>quidem</span> <span class='ocrx_word' id='word_1_153' title='bbox 1262 1939 1379 1998; x_wconf 90' lang='lat' dir='ltr'>etiamsi</span> <span class='ocrx_word' id='word_1_154' title='bbox 1412 1938 1444 1996; x_wconf 90' lang='lat' dir='ltr'>in</span> <span class='ocrx_word' id='word_1_155' title='bbox 1469 1936 1489 1996; x_wconf 92' lang='lat' dir='ltr'>B</span> 
     </span>
     <span class='ocr_line' id='line_1_17' title="bbox 319 2033 1490 2115; baseline -0.002 -20"><span class='ocrx_word' id='word_1_156' title='bbox 319 2054 399 2111; x_wconf 81' lang='lat' dir='ltr'>quoe</span> <span class='ocrx_word' id='word_1_157' title='bbox 427 2042 495 2094; x_wconf 83' lang='lat' dir='ltr'>ante</span> <span class='ocrx_word' id='word_1_158' title='bbox 523 2038 688 2111; x_wconf 78' lang='lat' dir='ltr'>supercilio</span> <span class='ocrx_word' id='word_1_159' title='bbox 717 2036 861 2094; x_wconf 91' lang='lat' dir='ltr'>omissum</span> <span class='ocrx_word' id='word_1_160' title='bbox 888 2042 947 2115; x_wconf 87' lang='lat' dir='ltr'>est,</span> <span class='ocrx_word' id='word_1_161' title='bbox 975 2042 1073 2095; x_wconf 89' lang='lat' dir='ltr'>tamen</span> <span class='ocrx_word' id='word_1_162' title='bbox 1098 2053 1167 2096; x_wconf 93' lang='lat' dir='ltr'>cum</span> <span class='ocrx_word' id='word_1_163' title='bbox 1191 2035 1242 2096; x_wconf 83' lang='lat' dir='ltr'>ct]</span> <span class='ocrx_word' id='word_1_164' title='bbox 1270 2054 1296 2111; x_wconf 70' lang='lat' dir='ltr'>p</span> <span class='ocrx_word' id='word_1_165' title='bbox 1328 2033 1490 2114; x_wconf 70' lang='lat' dir='ltr'>exhibeant</span> 
     </span>
     <span class='ocr_line' id='line_1_18' title="bbox 320 2130 1490 2212; baseline -0.004 -18"><span class='ocrx_word' id='word_1_166' title='bbox 320 2142 371 2194; x_wconf 90' lang='lat' dir='ltr'>aut</span> <span class='ocrx_word' id='word_1_167' title='bbox 393 2133 451 2193; x_wconf 86' lang='lat' dir='ltr'>hoc</span> <span class='ocrx_word' id='word_1_168' title='bbox 481 2140 531 2192; x_wconf 88' lang='lat' dir='ltr'>ant</span> <span class='ocrx_word' id='word_1_169' title='bbox 559 2131 677 2211; x_wconf 87' lang='lat' dir='ltr'>plenam</span> <span class='ocrx_word' id='word_1_170' title='bbox 706 2134 885 2211; x_wconf 81' lang='lat' dir='ltr'>scripturam</span> <span class='ocrx_word' id='word_1_171' title='bbox 914 2151 973 2207; x_wconf 81' lang='lat' dir='ltr'>que</span> <span class='ocrx_word' id='word_1_172' title='bbox 995 2132 1156 2212; x_wconf 79' lang='lat' dir='ltr'>archetypo</span> <span class='ocrx_word' id='word_1_173' title='bbox 1180 2132 1316 2194; x_wconf 92' lang='lat' dir='ltr'>codicum</span> <span class='ocrx_word' id='word_1_174' title='bbox 1340 2130 1421 2191; x_wconf 85' lang='lat' dir='ltr'>BCD</span> <span class='ocrx_word' id='word_1_175' title='bbox 1444 2133 1490 2190; x_wconf 94' lang='lat' dir='ltr'>tri-</span> 
     </span>
     <span class='ocr_line' id='line_1_19' title="bbox 321 2230 1491 2309; baseline -0.003 -18"><span class='ocrx_word' id='word_1_176' title='bbox 321 2230 471 2291; x_wconf 90' lang='lat' dir='ltr'>buendam</span> <span class='ocrx_word' id='word_1_177' title='bbox 495 2248 560 2290; x_wconf 88' lang='lat' dir='ltr'>esse</span> <span class='ocrx_word' id='word_1_178' title='bbox 584 2240 682 2309; x_wconf 68' lang='lat' dir='ltr'>puto.</span> <span class='ocrx_word' id='word_1_179' title='bbox 707 2233 771 2304; x_wconf 77' lang='lat' dir='ltr'>(lue</span> <span class='ocrx_word' id='word_1_180' title='bbox 794 2238 893 2291; x_wconf 89' lang='lat' dir='ltr'>autem</span> <span class='ocrx_word' id='word_1_181' title='bbox 917 2232 1016 2308; x_wconf 90' lang='lat' dir='ltr'>ipsum</span> <span class='ocrx_word' id='word_1_182' title='bbox 1039 2230 1112 2291; x_wconf 91' lang='lat' dir='ltr'>nihil</span> <span class='ocrx_word' id='word_1_183' title='bbox 1135 2231 1213 2291; x_wconf 92' lang='lat' dir='ltr'>aliud</span> <span class='ocrx_word' id='word_1_184' title='bbox 1238 2249 1303 2292; x_wconf 92' lang='lat' dir='ltr'>esse</span> <span class='ocrx_word' id='word_1_185' title='bbox 1327 2248 1415 2309; x_wconf 89' lang='lat' dir='ltr'>posse</span> <span class='ocrx_word' id='word_1_186' title='bbox 1438 2230 1491 2288; x_wconf 89' lang='lat' dir='ltr'>nisi</span> 
     </span>
     <span class='ocr_line' id='line_1_20' title="bbox 320 2322 1509 2411; baseline -0.003 -22"><span class='ocrx_word' id='word_1_187' title='bbox 320 2348 400 2404; x_wconf 80' lang='lat' dir='ltr'>quae</span> <span class='ocrx_word' id='word_1_188' title='bbox 425 2336 458 2389; x_wconf 92' lang='lat' dir='ltr'>ut</span> <span class='ocrx_word' id='word_1_189' title='bbox 480 2329 539 2388; x_wconf 89' lang='lat' dir='ltr'>iam</span> <span class='ocrx_word' id='word_1_190' title='bbox 562 2346 617 2405; x_wconf 88' lang='lat' dir='ltr'>per</span> <span class='ocrx_word' id='word_1_191' title='bbox 641 2347 673 2388; x_wconf 92' lang='lat' dir='ltr'>se</span> <span class='ocrx_word' id='word_1_192' title='bbox 697 2334 831 2408; x_wconf 84' lang='lat' dir='ltr'>apparet,</span> <span class='ocrx_word' id='word_1_193' title='bbox 853 2327 1024 2410; x_wconf 20' lang='lat' dir='ltr'>italhorum</span> <span class='ocrx_word' id='word_1_194' title='bbox 1048 2322 1183 2390; x_wconf 84' lang='lat' dir='ltr'>codicum</span> <span class='ocrx_word' id='word_1_195' title='bbox 1208 2328 1359 2391; x_wconf 90' lang='lat' dir='ltr'>scribendi</span> <span class='ocrx_word' id='word_1_196' title='bbox 1381 2329 1509 2411; x_wconf 84' lang='lat' dir='ltr'>ratione</span> 
     </span>
     <span class='ocr_line' id='line_1_21' title="bbox 322 2424 1490 2505; baseline -0.003 -18"><span class='ocrx_word' id='word_1_197' title='bbox 322 2429 410 2487; x_wconf 89' lang='lat' dir='ltr'>etiam</span> <span class='ocrx_word' id='word_1_198' title='bbox 434 2424 533 2503; x_wconf 68' lang='lat' dir='ltr'>&#39;magis</span> <span class='ocrx_word' id='word_1_199' title='bbox 563 2425 780 2505; x_wconf 88' lang='lat' dir='ltr'>comprobatur.</span> <span class='ocrx_word' id='word_1_200' title='bbox 829 2424 928 2495; x_wconf 82' lang='lat' dir='ltr'>Quare</span> <span class='ocrx_word' id='word_1_201' title='bbox 958 2434 988 2486; x_wconf 90' lang='lat' dir='ltr'>et</span> <span class='ocrx_word' id='word_1_202' title='bbox 1009 2427 1034 2485; x_wconf 78' lang='lat' dir='ltr'><strong>A</strong></span> <span class='ocrx_word' id='word_1_203' title='bbox 1057 2426 1132 2488; x_wconf 90' lang='lat' dir='ltr'>etP</span> <span class='ocrx_word' id='word_1_204' title='bbox 1160 2429 1344 2498; x_wconf 79' lang='lat' dir='ltr'>recensionis</span> <span class='ocrx_word' id='word_1_205' title='bbox 1372 2424 1490 2485; x_wconf 90' lang='lat' dir='ltr'>eandem</span> 
     </span>
     <span class='ocr_line' id='line_1_22' title="bbox 324 2523 1491 2604; baseline -0.002 -21"><span class='ocrx_word' id='word_1_206' title='bbox 324 2523 416 2584; x_wconf 90' lang='lat' dir='ltr'>huius</span> <span class='ocrx_word' id='word_1_207' title='bbox 436 2542 545 2584; x_wconf 91' lang='lat' dir='ltr'>uersus</span> <span class='ocrx_word' id='word_1_208' title='bbox 565 2526 743 2602; x_wconf 89' lang='lat' dir='ltr'>scripturam</span> <span class='ocrx_word' id='word_1_209' title='bbox 761 2525 855 2584; x_wconf 89' lang='lat' dir='ltr'>luisse</span> <span class='ocrx_word' id='word_1_210' title='bbox 874 2524 1088 2585; x_wconf 88' lang='lat' dir='ltr'>contenderim.</span> <span class='ocrx_word' id='word_1_211' title='bbox 1115 2524 1289 2604; x_wconf 85' lang='lat' dir='ltr'>Congruunt</span> <span class='ocrx_word' id='word_1_212' title='bbox 1307 2526 1399 2603; x_wconf 83' lang='lat' dir='ltr'>igitur</span> <span class='ocrx_word' id='word_1_213' title='bbox 1417 2524 1491 2582; x_wconf 87' lang='lat' dir='ltr'>inter</span> 
     </span>
     <span class='ocr_line' id='line_1_23' title="bbox 322 2619 1491 2683; baseline -0.003 -1"><span class='ocrx_word' id='word_1_214' title='bbox 322 2641 354 2682; x_wconf 92' lang='lat' dir='ltr'>se</span> <span class='ocrx_word' id='word_1_215' title='bbox 378 2620 486 2683; x_wconf 80' lang='lat' dir='ltr'>Festus</span> <span class='ocrx_word' id='word_1_216' title='bbox 515 2629 545 2681; x_wconf 90' lang='lat' dir='ltr'>et</span> <span class='ocrx_word' id='word_1_217' title='bbox 574 2623 764 2681; x_wconf 85' lang='lat' dir='ltr'>recensiones</span> <span class='ocrx_word' id='word_1_218' title='bbox 792 2627 922 2681; x_wconf 87' lang='lat' dir='ltr'>nostrae.</span> <span class='ocrx_word' id='word_1_219' title='bbox 968 2619 1164 2682; x_wconf 91' lang='lat' dir='ltr'>Nihilominus</span> <span class='ocrx_word' id='word_1_220' title='bbox 1193 2630 1293 2682; x_wconf 89' lang='lat' dir='ltr'>autem</span> <span class='ocrx_word' id='word_1_221' title='bbox 1315 2620 1491 2681; x_wconf 85' lang='lat' dir='ltr'>Bitschelius</span> 
     </span>
     <span class='ocr_line' id='line_1_24' title="bbox 321 2712 1490 2799; baseline -0.003 -20"><span class='ocrx_word' id='word_1_222' title='bbox 321 2719 436 2780; x_wconf 89' lang='lat' dir='ltr'>cumF</span> <span class='ocrx_word' id='word_1_223' title='bbox 471 2714 542 2798; x_wconf 73' lang='lat' dir='ltr'>‘quo</span> <span class='ocrx_word' id='word_1_224' title='bbox 575 2712 746 2797; x_wconf 89' lang='lat' dir='ltr'>supercilio&#39;</span> <span class='ocrx_word' id='word_1_225' title='bbox 779 2720 811 2779; x_wconf 93' lang='lat' dir='ltr'>in</span> <span class='ocrx_word' id='word_1_226' title='bbox 845 2725 961 2779; x_wconf 88' lang='lat' dir='ltr'>textum</span> <span class='ocrx_word' id='word_1_227' title='bbox 989 2721 1111 2799; x_wconf 90' lang='lat' dir='ltr'>recepit.</span> <span class='ocrx_word' id='word_1_228' title='bbox 1156 2720 1259 2799; x_wconf 89' lang='lat' dir='ltr'>Neque</span> <span class='ocrx_word' id='word_1_229' title='bbox 1293 2727 1393 2779; x_wconf 91' lang='lat' dir='ltr'>tamen</span> <span class='ocrx_word' id='word_1_230' title='bbox 1421 2717 1490 2777; x_wconf 94' lang='lat' dir='ltr'>mihi</span> 
     </span>
     <span class='ocr_line' id='line_1_25' title="bbox 319 2814 1489 2897; baseline -0.003 -20"><span class='ocrx_word' id='word_1_231' title='bbox 319 2817 379 2879; x_wconf 90' lang='lat' dir='ltr'>ulla</span> <span class='ocrx_word' id='word_1_232' title='bbox 394 2836 483 2879; x_wconf 86' lang='lat' dir='ltr'>causa</span> <span class='ocrx_word' id='word_1_233' title='bbox 504 2816 624 2877; x_wconf 87' lang='lat' dir='ltr'>uidetur</span> <span class='ocrx_word' id='word_1_234' title='bbox 641 2835 707 2877; x_wconf 87' lang='lat' dir='ltr'>esse</span> <span class='ocrx_word' id='word_1_235' title='bbox 728 2834 782 2877; x_wconf 90' lang='lat' dir='ltr'>cur</span> <span class='ocrx_word' id='word_1_236' title='bbox 797 2814 834 2875; x_wconf 91' lang='lat' dir='ltr'>ab</span> <span class='ocrx_word' id='word_1_237' title='bbox 848 2817 1028 2893; x_wconf 89' lang='lat' dir='ltr'>optimorum</span> <span class='ocrx_word' id='word_1_238' title='bbox 1046 2816 1181 2877; x_wconf 91' lang='lat' dir='ltr'>codicum</span> <span class='ocrx_word' id='word_1_239' title='bbox 1197 2820 1344 2897; x_wconf 89' lang='lat' dir='ltr'>scriptura</span> <span class='ocrx_word' id='word_1_240' title='bbox 1359 2815 1489 2876; x_wconf 86' lang='lat' dir='ltr'>hocloco</span> 
     </span>
     <span class='ocr_line' id='line_1_26' title="bbox 320 2911 1490 2993; baseline -0.003 -19"><span class='ocrx_word' id='word_1_241' title='bbox 320 2912 508 2976; x_wconf 87' lang='lat' dir='ltr'>decedamus.</span> <span class='ocrx_word' id='word_1_242' title='bbox 536 2912 628 2973; x_wconf 89' lang='lat' dir='ltr'>·Nam</span> <span class='ocrx_word' id='word_1_243' title='bbox 652 2932 721 2974; x_wconf 92' lang='lat' dir='ltr'>cum</span> <span class='ocrx_word' id='word_1_244' title='bbox 750 2911 942 2993; x_wconf 89' lang='lat' dir='ltr'>supercilium</span> <span class='ocrx_word' id='word_1_245' title='bbox 969 2946 1007 2957; x_wconf 91' lang='lat'><em>-</em></span> <span class='ocrx_word' id='word_1_246' title='bbox 1033 2915 1113 2993; x_wconf 88' lang='lat' dir='ltr'>quod</span> <span class='ocrx_word' id='word_1_247' title='bbox 1142 2918 1230 2976; x_wconf 87' lang='lat' dir='ltr'>etiam</span> <span class='ocrx_word' id='word_1_248' title='bbox 1253 2914 1447 2976; x_wconf 82' lang='lat' dir='ltr'>Bitschelium</span> <span class='ocrx_word' id='word_1_249' title='bbox 1468 2914 1490 2972; x_wconf 86' lang='lat' dir='ltr'>si</span> 
     </span>
    </p>
   </div>
   <div class='ocr_carea' id='block_1_5' title="bbox 320 3010 1489 3190">
    <p class='ocr_par' dir='ltr' id='par_1_6' title="bbox 320 3010 1489 3190">
     <span class='ocr_line' id='line_1_27' title="bbox 321 3010 1489 3093; baseline -0.003 -21"><span class='ocrx_word' id='word_1_250' title='bbox 321 3013 490 3093; x_wconf 86' lang='lat' dir='ltr'>sequimur,</span> <span class='ocrx_word' id='word_1_251' title='bbox 518 3029 610 3071; x_wconf 79' lang='lat' dir='ltr'>uinum</span> <span class='ocrx_word' id='word_1_252' title='bbox 639 3012 705 3071; x_wconf 88' lang='lat' dir='ltr'>fieri</span> <span class='ocrx_word' id='word_1_253' title='bbox 734 3017 834 3089; x_wconf 88' lang='lat' dir='ltr'>potest</span> <span class='ocrx_word' id='word_1_254' title='bbox 862 3043 904 3053; x_wconf 86' lang='lat'>—</span> <span class='ocrx_word' id='word_1_255' title='bbox 933 3010 1035 3071; x_wconf 90' lang='lat' dir='ltr'>eadem</span> <span class='ocrx_word' id='word_1_256' title='bbox 1063 3012 1120 3074; x_wconf 91' lang='lat' dir='ltr'>hoc</span> <span class='ocrx_word' id='word_1_257' title='bbox 1147 3014 1212 3075; x_wconf 92' lang='lat' dir='ltr'>loco</span> <span class='ocrx_word' id='word_1_258' title='bbox 1240 3021 1403 3092; x_wconf 85' lang='lat' dir='ltr'>usurpatur</span> <span class='ocrx_word' id='word_1_259' title='bbox 1430 3029 1489 3071; x_wconf 91' lang='lat' dir='ltr'>sen·</span> 
     </span>
     <span class='ocr_line' id='line_1_28' title="bbox 320 3107 1488 3190; baseline -0.003 -21"><span class='ocrx_word' id='word_1_260' title='bbox 320 3111 413 3169; x_wconf 90' lang='lat' dir='ltr'>tentia</span> <span class='ocrx_word' id='word_1_261' title='bbox 438 3127 495 3189; x_wconf 89' lang='lat' dir='ltr'>qua</span> <span class='ocrx_word' id='word_1_262' title='bbox 518 3110 677 3186; x_wconf 78' lang='lat' dir='ltr'>superbia,</span> <span class='ocrx_word' id='word_1_263' title='bbox 701 3110 803 3168; x_wconf 90' lang='lat' dir='ltr'>nescio</span> <span class='ocrx_word' id='word_1_264' title='bbox 827 3126 882 3168; x_wconf 88' lang='lat' dir='ltr'>cur</span> <span class='ocrx_word' id='word_1_265' title='bbox 905 3112 1069 3185; x_wconf 79' lang='lat' dir='ltr'>supercilio</span> <span class='ocrx_word' id='word_1_266' title='bbox 1093 3109 1189 3170; x_wconf 92' lang='lat' dir='ltr'>solum</span> <span class='ocrx_word' id='word_1_267' title='bbox 1212 3128 1272 3171; x_wconf 92' lang='lat' dir='ltr'>non</span> <span class='ocrx_word' id='word_1_268' title='bbox 1294 3110 1386 3190; x_wconf 82' lang='lat' dir='ltr'>idem,</span> <span class='ocrx_word' id='word_1_269' title='bbox 1416 3107 1488 3187; x_wconf 90' lang='lat' dir='ltr'>qnod</span> 
     </span>
    </p>
   </div>
   <div class='ocr_carea' id='block_1_6' title="bbox 320 3268 1490 3418">
    <p class='ocr_par' dir='ltr' id='par_1_7' title="bbox 320 3268 1490 3418">
     <span class='ocr_line' id='line_1_29' title="bbox 320 3268 1490 3342; baseline -0.003 -17"><span class='ocrx_word' id='word_1_270' title='bbox 320 3270 468 3325; x_wconf 87' lang='lat' dir='ltr'>Librorum</span> <span class='ocrx_word' id='word_1_271' title='bbox 494 3271 596 3341; x_wconf 90' lang='lat' dir='ltr'>[domi]</span> <span class='ocrx_word' id='word_1_272' title='bbox 622 3269 767 3339; x_wconf 84' lang='lat' dir='ltr'>(Prosodie</span> <span class='ocrx_word' id='word_1_273' title='bbox 786 3273 864 3338; x_wconf 83' lang='lat'>495),</span> <span class='ocrx_word' id='word_1_274' title='bbox 882 3269 1004 3325; x_wconf 87' lang='lat' dir='ltr'>Kochius</span> <span class='ocrx_word' id='word_1_275' title='bbox 1022 3270 1103 3340; x_wconf 81' lang='lat' dir='ltr'>(illus.</span> <span class='ocrx_word' id='word_1_276' title='bbox 1124 3273 1213 3327; x_wconf 83' lang='lat' dir='ltr'>Rhen.</span> <span class='ocrx_word' id='word_1_277' title='bbox 1228 3278 1262 3326; x_wconf 79' lang='lat'>32</span> <span class='ocrx_word' id='word_1_278' title='bbox 1276 3291 1304 3342; x_wconf 88' lang='lat' dir='ltr'>p.</span> <span class='ocrx_word' id='word_1_279' title='bbox 1320 3272 1382 3341; x_wconf 89' lang='lat'>100)</span> <span class='ocrx_word' id='word_1_280' title='bbox 1403 3268 1490 3323; x_wconf 79' lang='lat' dir='ltr'>‘libel-</span> 
     </span>
     <span class='ocr_line' id='line_1_30' title="bbox 321 3350 1488 3418; baseline -0.003 -14"><span class='ocrx_word' id='word_1_281' title='bbox 321 3352 425 3406; x_wconf 90' lang='lat' dir='ltr'>lorum&#39;</span> <span class='ocrx_word' id='word_1_282' title='bbox 457 3351 663 3406; x_wconf 85' lang='lat' dir='ltr'>deminutiunm</span> <span class='ocrx_word' id='word_1_283' title='bbox 691 3350 878 3417; x_wconf 78' lang='lat' dir='ltr'>commendat,</span> <span class='ocrx_word' id='word_1_284' title='bbox 907 3366 962 3416; x_wconf 84' lang='lat' dir='ltr'>qua</span> <span class='ocrx_word' id='word_1_285' title='bbox 990 3352 1099 3406; x_wconf 78' lang='lat' dir='ltr'>ratione</span> <span class='ocrx_word' id='word_1_286' title='bbox 1126 3352 1211 3407; x_wconf 81' lang='lat' dir='ltr'>etiam</span> <span class='ocrx_word' id='word_1_287' title='bbox 1233 3352 1335 3407; x_wconf 84' lang='lat' dir='ltr'>Bscch.</span> <span class='ocrx_word' id='word_1_288' title='bbox 1355 3350 1440 3418; x_wconf 78' lang='lat'>1113,</span> <span class='ocrx_word' id='word_1_289' title='bbox 1459 3354 1488 3401; x_wconf 75' lang='lat'>29</span> 
     </span>
    </p>
   </div>
   <div class='ocr_carea' id='block_1_7' title="bbox 230 3429 1489 3579">
    <p class='ocr_par' dir='ltr' id='par_1_8' title="bbox 230 3429 1489 3579">
     <span class='ocr_line' id='line_1_31' title="bbox 230 3429 1489 3502; baseline -0.004 -16"><span class='ocrx_word' id='word_1_290' title='bbox 230 3462 233 3465; x_wconf 43' lang='lat'><strong>⁴</strong></span> <span class='ocrx_word' id='word_1_291' title='bbox 322 3432 405 3486; x_wconf 80' lang='lat' dir='ltr'>‘llum</span> <span class='ocrx_word' id='word_1_292' title='bbox 426 3430 555 3486; x_wconf 89' lang='lat' dir='ltr'>libellum</span> <span class='ocrx_word' id='word_1_293' title='bbox 574 3431 683 3501; x_wconf 85' lang='lat' dir='ltr'>legeres</span> <span class='ocrx_word' id='word_1_294' title='bbox 701 3446 724 3484; x_wconf 86' lang='lat' dir='ltr'>e.</span> <span class='ocrx_word' id='word_1_295' title='bbox 740 3448 766 3498; x_wconf 92' lang='lat' dir='ltr'>q.</span> <span class='ocrx_word' id='word_1_296' title='bbox 782 3431 815 3487; x_wconf 86' lang='lat' dir='ltr'>s.’</span> <span class='ocrx_word' id='word_1_297' title='bbox 841 3429 996 3485; x_wconf 82' lang='lat' dir='ltr'>sanandum</span> <span class='ocrx_word' id='word_1_298' title='bbox 1014 3448 1075 3485; x_wconf 86' lang='lat' dir='ltr'>esse</span> <span class='ocrx_word' id='word_1_299' title='bbox 1098 3434 1189 3502; x_wconf 73' lang='lat' dir='ltr'>putet.</span> <span class='ocrx_word' id='word_1_300' title='bbox 1225 3433 1329 3487; x_wconf 87' lang='lat' dir='ltr'>Verum</span> <span class='ocrx_word' id='word_1_301' title='bbox 1346 3430 1413 3485; x_wconf 82' lang='lat' dir='ltr'>huie</span> <span class='ocrx_word' id='word_1_302' title='bbox 1430 3446 1489 3483; x_wconf 89' lang='lat' dir='ltr'>con-</span> 
     </span>
     <span class='ocr_line' id='line_1_32' title="bbox 237 3509 1489 3579; baseline -0.002 -14"><span class='ocrx_word' id='word_1_303' title='bbox 237 3559 240 3565; x_wconf 88' lang='lat'>.</span> <span class='ocrx_word' id='word_1_304' title='bbox 323 3510 448 3567; x_wconf 79' lang='lat' dir='ltr'>ieetnree</span> <span class='ocrx_word' id='word_1_305' title='bbox 462 3510 493 3565; x_wconf 87' lang='lat' dir='ltr'>id</span> <span class='ocrx_word' id='word_1_306' title='bbox 512 3511 615 3579; x_wconf 81' lang='lat' dir='ltr'>obstat,</span> <span class='ocrx_word' id='word_1_307' title='bbox 635 3510 711 3578; x_wconf 87' lang='lat' dir='ltr'>qnod</span> <span class='ocrx_word' id='word_1_308' title='bbox 730 3510 806 3579; x_wconf 84' lang='lat' dir='ltr'>apud</span> <span class='ocrx_word' id='word_1_309' title='bbox 818 3509 952 3565; x_wconf 76' lang='lat' dir='ltr'>Plautum</span> <span class='ocrx_word' id='word_1_310' title='bbox 966 3526 1103 3579; x_wconf 83' lang='lat' dir='ltr'>nusquam</span> <span class='ocrx_word' id='word_1_311' title='bbox 1124 3512 1273 3565; x_wconf 86' lang='lat' dir='ltr'>‘libellum&#39;</span> <span class='ocrx_word' id='word_1_312' title='bbox 1295 3511 1393 3567; x_wconf 88' lang='lat' dir='ltr'>eodem</span> <span class='ocrx_word' id='word_1_313' title='bbox 1413 3526 1489 3565; x_wconf 86' lang='lat' dir='ltr'>sensu</span> 
     </span>
    </p>
   </div>
   <div class='ocr_carea' id='block_1_8' title="bbox 245 3588 1489 4539">
    <p class='ocr_par' dir='ltr' id='par_1_9' title="bbox 245 3588 1489 4539">
     <span class='ocr_line' id='line_1_33' title="bbox 322 3588 1489 3659; baseline -0.003 -14"><span class='ocrx_word' id='word_1_314' title='bbox 322 3608 378 3659; x_wconf 90' lang='lat' dir='ltr'>quo</span> <span class='ocrx_word' id='word_1_315' title='bbox 405 3589 497 3645; x_wconf 81' lang='lat' dir='ltr'>‘liber&#39;</span> <span class='ocrx_word' id='word_1_316' title='bbox 528 3590 688 3645; x_wconf 81' lang='lat' dir='ltr'>adhibitum</span> <span class='ocrx_word' id='word_1_317' title='bbox 707 3606 768 3645; x_wconf 81' lang='lat' dir='ltr'>esse</span> <span class='ocrx_word' id='word_1_318' title='bbox 786 3588 953 3644; x_wconf 86' lang='lat' dir='ltr'>inuenimns.</span> <span class='ocrx_word' id='word_1_319' title='bbox 989 3588 1063 3643; x_wconf 83' lang='lat' dir='ltr'>Nam</span> <span class='ocrx_word' id='word_1_320' title='bbox 1081 3588 1259 3659; x_wconf 68' lang='lat' dir='ltr'>Pseud.‘706‚</span> <span class='ocrx_word' id='word_1_321' title='bbox 1281 3590 1331 3645; x_wconf 89' lang='lat' dir='ltr'>nbi</span> <span class='ocrx_word' id='word_1_322' title='bbox 1352 3591 1489 3646; x_wconf 82' lang='lat' dir='ltr'>haecum</span> 
     </span>
     <span class='ocr_line' id='line_1_34' title="bbox 323 3668 1488 3741; baseline -0.001 -17"><span class='ocrx_word' id='word_1_323' title='bbox 323 3670 426 3736; x_wconf 77' lang='lat' dir='ltr'>exstat,</span> <span class='ocrx_word' id='word_1_324' title='bbox 444 3687 496 3739; x_wconf 90' lang='lat' dir='ltr'>pro</span> <span class='ocrx_word' id='word_1_325' title='bbox 518 3668 664 3740; x_wconf 75' lang='lat' dir='ltr'>‘epistula&#39;</span> <span class='ocrx_word' id='word_1_326' title='bbox 690 3670 825 3739; x_wconf 81' lang='lat' dir='ltr'>usurpata</span> <span class='ocrx_word' id='word_1_327' title='bbox 849 3670 892 3723; x_wconf 77' lang='lat' dir='ltr'>est</span> <span class='ocrx_word' id='word_1_328' title='bbox 914 3670 998 3737; x_wconf 80' lang='lat' dir='ltr'>atquc</span> <span class='ocrx_word' id='word_1_329' title='bbox 1022 3670 1107 3724; x_wconf 83' lang='lat' dir='ltr'>etiam</span> <span class='ocrx_word' id='word_1_330' title='bbox 1126 3670 1204 3725; x_wconf 83' lang='lat' dir='ltr'>Cure.</span> <span class='ocrx_word' id='word_1_331' title='bbox 1223 3671 1246 3741; x_wconf 87' lang='grc' dir='ltr'>Ι,</span> <span class='ocrx_word' id='word_1_332' title='bbox 1264 3676 1290 3740; x_wconf 84' lang='grc'>3,</span> <span class='ocrx_word' id='word_1_333' title='bbox 1309 3676 1334 3737; x_wconf 84' lang='grc'>6,</span> <span class='ocrx_word' id='word_1_334' title='bbox 1358 3670 1488 3739; x_wconf 81' lang='lat' dir='ltr'>siquidem</span> 
     </span>
     <span class='ocr_line' id='line_1_35' title="bbox 320 3747 1486 3819; baseline -0.002 -17"><span class='ocrx_word' id='word_1_335' title='bbox 320 3749 345 3802; x_wconf 86' lang='lat' dir='ltr'>is</span> <span class='ocrx_word' id='word_1_336' title='bbox 366 3747 443 3805; x_wconf 78' lang='lat' dir='ltr'>locus</span> <span class='ocrx_word' id='word_1_337' title='bbox 462 3766 496 3804; x_wconf 86' lang='lat' dir='ltr'>ex</span> <span class='ocrx_word' id='word_1_338' title='bbox 516 3748 573 3805; x_wconf 83' lang='lat' dir='ltr'>alia</span> <span class='ocrx_word' id='word_1_339' title='bbox 591 3749 724 3804; x_wconf 79' lang='lat' dir='ltr'>Plautina</span> <span class='ocrx_word' id='word_1_340' title='bbox 742 3748 839 3803; x_wconf 77' lang='lat' dir='ltr'>fabule</span> <span class='ocrx_word' id='word_1_341' title='bbox 856 3749 911 3803; x_wconf 89' lang='lat' dir='ltr'>huc</span> <span class='ocrx_word' id='word_1_342' title='bbox 935 3748 1092 3819; x_wconf 75' lang='lat' dir='ltr'>adscriptus</span> <span class='ocrx_word' id='word_1_343' title='bbox 1116 3752 1170 3817; x_wconf 77' lang='lat' dir='ltr'>est,</span> <span class='ocrx_word' id='word_1_344' title='bbox 1198 3750 1316 3805; x_wconf 79' lang='lat' dir='ltr'>eundem</span> <span class='ocrx_word' id='word_1_345' title='bbox 1342 3747 1486 3804; x_wconf 80' lang='lat' dir='ltr'>‘libellum&#39;</span> 
     </span>
     <span class='ocr_line' id='line_1_36' title="bbox 323 3828 1488 3899; baseline -0.004 -15"><span class='ocrx_word' id='word_1_346' title='bbox 323 3830 401 3887; x_wconf 86' lang='lat' dir='ltr'>nocis</span> <span class='ocrx_word' id='word_1_347' title='bbox 439 3830 673 3899; x_wconf 82' lang='lat' dir='ltr'>significationem</span> <span class='ocrx_word' id='word_1_348' title='bbox 706 3831 829 3884; x_wconf 80' lang='lat' dir='ltr'>statuere</span> <span class='ocrx_word' id='word_1_349' title='bbox 862 3828 996 3897; x_wconf 85' lang='lat' dir='ltr'>cogimur.</span> <span class='ocrx_word' id='word_1_350' title='bbox 1046 3828 1177 3883; x_wconf 84' lang='lat' dir='ltr'>Muelleri</span> <span class='ocrx_word' id='word_1_351' title='bbox 1207 3831 1303 3883; x_wconf 80' lang='lat' dir='ltr'>autem</span> <span class='ocrx_word' id='word_1_352' title='bbox 1335 3828 1488 3883; x_wconf 78' lang='lat' dir='ltr'>coniectura</span> 
     </span>
     <span class='ocr_line' id='line_1_37' title="bbox 321 3905 1487 3979; baseline -0.003 -16"><span class='ocrx_word' id='word_1_353' title='bbox 321 3913 473 3979; x_wconf 79' lang='lat' dir='ltr'>propterea</span> <span class='ocrx_word' id='word_1_354' title='bbox 496 3910 568 3963; x_wconf 85' lang='lat' dir='ltr'>mihi</span> <span class='ocrx_word' id='word_1_355' title='bbox 591 3926 647 3963; x_wconf 90' lang='lat' dir='ltr'>non</span> <span class='ocrx_word' id='word_1_356' title='bbox 670 3909 882 3963; x_wconf 79' lang='lat' dir='ltr'>commendatur</span> <span class='ocrx_word' id='word_1_357' title='bbox 906 3908 981 3975; x_wconf 89' lang='lat' dir='ltr'>qnod</span> <span class='ocrx_word' id='word_1_358' title='bbox 1009 3924 1073 3962; x_wconf 87' lang='lat' dir='ltr'>cum</span> <span class='ocrx_word' id='word_1_359' title='bbox 1100 3908 1157 3962; x_wconf 84' lang='lat' dir='ltr'>iam</span> <span class='ocrx_word' id='word_1_360' title='bbox 1185 3927 1212 3962; x_wconf 81' lang='lat' dir='ltr'>u.</span> <span class='ocrx_word' id='word_1_361' title='bbox 1237 3914 1289 3963; x_wconf 83' lang='lat'>390</span> <span class='ocrx_word' id='word_1_362' title='bbox 1318 3908 1425 3962; x_wconf 82' lang='lat' dir='ltr'>dictum</span> <span class='ocrx_word' id='word_1_363' title='bbox 1447 3905 1487 3974; x_wconf 82' lang='lat' dir='ltr'>sit,</span> 
     </span>
     <span class='ocr_line' id='line_1_38' title="bbox 323 3986 1486 4059; baseline -0.003 -16"><span class='ocrx_word' id='word_1_364' title='bbox 323 3991 402 4059; x_wconf 85' lang='lat' dir='ltr'>‘quoi</span> <span class='ocrx_word' id='word_1_365' title='bbox 421 3991 473 4044; x_wconf 85' lang='lat' dir='ltr'>dos</span> <span class='ocrx_word' id='word_1_366' title='bbox 493 3990 529 4044; x_wconf 78' lang='lat' dir='ltr'>sit</span> <span class='ocrx_word' id='word_1_367' title='bbox 547 3988 634 4044; x_wconf 88' lang='lat' dir='ltr'>domi&#39;</span> <span class='ocrx_word' id='word_1_368' title='bbox 661 3989 795 4044; x_wconf 83' lang='lat' dir='ltr'>iteratum</span> <span class='ocrx_word' id='word_1_369' title='bbox 819 3990 874 4044; x_wconf 91' lang='lat' dir='ltr'>hoe</span> <span class='ocrx_word' id='word_1_370' title='bbox 891 4004 976 4043; x_wconf 89' lang='lat' dir='ltr'>uersu</span> <span class='ocrx_word' id='word_1_371' title='bbox 994 3988 1069 4041; x_wconf 87' lang='lat' dir='ltr'>domi</span> <span class='ocrx_word' id='word_1_372' title='bbox 1088 4004 1324 4059; x_wconf 78' lang='lat' dir='ltr'>superuacaneum</span> <span class='ocrx_word' id='word_1_373' title='bbox 1344 3990 1396 4043; x_wconf 78' lang='lat' dir='ltr'>est.</span> <span class='ocrx_word' id='word_1_374' title='bbox 1432 3986 1486 4040; x_wconf 73' lang='lat' dir='ltr'>uit</span> 
     </span>
     <span class='ocr_line' id='line_1_39' title="bbox 321 4066 1489 4137; baseline -0.004 -14"><span class='ocrx_word' id='word_1_375' title='bbox 321 4067 420 4123; x_wconf 78' lang='lat' dir='ltr'>scholii</span> <span class='ocrx_word' id='word_1_376' title='bbox 445 4070 544 4123; x_wconf 77' lang='lat' dir='ltr'>contra</span> <span class='ocrx_word' id='word_1_377' title='bbox 568 4068 730 4123; x_wconf 77' lang='lat' dir='ltr'>coniectura</span> <span class='ocrx_word' id='word_1_378' title='bbox 753 4068 899 4123; x_wconf 83' lang='lat' dir='ltr'>lenissima</span> <span class='ocrx_word' id='word_1_379' title='bbox 922 4066 1071 4135; x_wconf 84' lang='lat' dir='ltr'>sensuique</span> <span class='ocrx_word' id='word_1_380' title='bbox 1099 4068 1246 4137; x_wconf 80' lang='lat' dir='ltr'>aptissima</span> <span class='ocrx_word' id='word_1_381' title='bbox 1273 4071 1329 4135; x_wconf 79' lang='lat' dir='ltr'>esi,</span> <span class='ocrx_word' id='word_1_382' title='bbox 1356 4071 1389 4122; x_wconf 80' lang='lat' dir='ltr'>ut</span> <span class='ocrx_word' id='word_1_383' title='bbox 1410 4068 1439 4121; x_wconf 89' lang='lat' dir='ltr'>in</span> <span class='ocrx_word' id='word_1_384' title='bbox 1459 4082 1489 4120; x_wconf 85' lang='lat' dir='ltr'>eu</span> 
     </span>
     <span class='ocr_line' id='line_1_40' title="bbox 321 4146 1488 4216; baseline -0.001 -15"><span class='ocrx_word' id='word_1_385' title='bbox 321 4148 555 4216; x_wconf 83' lang='lat' dir='ltr'>acquiescendum</span> <span class='ocrx_word' id='word_1_386' title='bbox 580 4163 639 4202; x_wconf 83' lang='lat' dir='ltr'>esse</span> <span class='ocrx_word' id='word_1_387' title='bbox 664 4148 802 4203; x_wconf 80' lang='lat' dir='ltr'>uideatur.</span> <span class='ocrx_word' id='word_1_388' title='bbox 831 4178 866 4187; x_wconf 91' lang='lat'>-</span> <span class='ocrx_word' id='word_1_389' title='bbox 901 4148 930 4216; x_wconf 89' lang='lat'>1)</span> <span class='ocrx_word' id='word_1_390' title='bbox 951 4146 1100 4199; x_wconf 77' lang='lat' dir='ltr'>‘Eccillud&#39;</span> <span class='ocrx_word' id='word_1_391' title='bbox 1126 4150 1232 4203; x_wconf 83' lang='lat' dir='ltr'>rect-am</span> <span class='ocrx_word' id='word_1_392' title='bbox 1250 4164 1311 4202; x_wconf 89' lang='lat' dir='ltr'>esse</span> <span class='ocrx_word' id='word_1_393' title='bbox 1331 4148 1488 4215; x_wconf 83' lang='lat' dir='ltr'>scripturam</span> 
     </span>
     <span class='ocr_line' id='line_1_41' title="bbox 318 4224 1488 4298; baseline -0.003 -16"><span class='ocrx_word' id='word_1_394' title='bbox 318 4230 433 4298; x_wconf 75' lang='lat' dir='ltr'>propter</span> <span class='ocrx_word' id='word_1_395' title='bbox 460 4230 605 4283; x_wconf 76' lang='lat' dir='ltr'>accentum</span> <span class='ocrx_word' id='word_1_396' title='bbox 632 4227 662 4281; x_wconf 88' lang='lat' dir='ltr'>in</span> <span class='ocrx_word' id='word_1_397' title='bbox 685 4227 788 4281; x_wconf 79' lang='lat' dir='ltr'>ultima</span> <span class='ocrx_word' id='word_1_398' title='bbox 815 4226 940 4294; x_wconf 78' lang='lat' dir='ltr'>positum</span> <span class='ocrx_word' id='word_1_399' title='bbox 964 4229 1089 4295; x_wconf 77' lang='lat' dir='ltr'>apparet.</span> <span class='ocrx_word' id='word_1_400' title='bbox 1127 4226 1243 4280; x_wconf 78' lang='lat' dir='ltr'>Hiatum</span> <span class='ocrx_word' id='word_1_401' title='bbox 1266 4229 1360 4282; x_wconf 82' lang='lat' dir='ltr'>autem</span> <span class='ocrx_word' id='word_1_402' title='bbox 1384 4224 1488 4280; x_wconf 78' lang='lat' dir='ltr'>interim</span> 
     </span>
     <span class='ocr_line' id='line_1_42' title="bbox 249 4302 1488 4375; baseline -0.008 -10"><span class='ocrx_word' id='word_1_403' title='bbox 249 4358 252 4365; x_wconf 64' lang='lat'>.</span> <span class='ocrx_word' id='word_1_404' title='bbox 321 4326 385 4361; x_wconf 90' lang='lat' dir='ltr'>cum</span> <span class='ocrx_word' id='word_1_405' title='bbox 399 4304 581 4363; x_wconf 82' lang='lat' dir='ltr'>Fleckeiseno</span> <span class='ocrx_word' id='word_1_406' title='bbox 600 4310 697 4363; x_wconf 73' lang='lat' dir='ltr'>tenere</span> <span class='ocrx_word' id='word_1_407' title='bbox 716 4306 823 4374; x_wconf 80' lang='lat' dir='ltr'>malim,</span> <span class='ocrx_word' id='word_1_408' title='bbox 843 4322 929 4375; x_wconf 82' lang='lat' dir='ltr'>qnam</span> <span class='ocrx_word' id='word_1_409' title='bbox 946 4302 1031 4359; x_wconf 80' lang='lat' dir='ltr'>trium</span> <span class='ocrx_word' id='word_1_410' title='bbox 1050 4303 1171 4372; x_wconf 81' lang='lat' dir='ltr'>illarum,</span> <span class='ocrx_word' id='word_1_411' title='bbox 1191 4322 1260 4375; x_wconf 83' lang='lat' dir='ltr'>quas</span> <span class='ocrx_word' id='word_1_412' title='bbox 1275 4305 1303 4361; x_wconf 82' lang='lat' dir='ltr'>C.</span> <span class='ocrx_word' id='word_1_413' title='bbox 1313 4305 1343 4361; x_wconf 82' lang='lat' dir='ltr'>F.</span> <span class='ocrx_word' id='word_1_414' title='bbox 1354 4306 1400 4359; x_wconf 90' lang='lat' dir='ltr'>W.</span> <span class='ocrx_word' id='word_1_415' title='bbox 1410 4304 1488 4358; x_wconf 84' lang='lat' dir='ltr'>Muel-</span> 
     </span>
     <span class='ocr_line' id='line_1_43' title="bbox 319 4382 1482 4457; baseline -0.003 -15"><span class='ocrx_word' id='word_1_416' title='bbox 319 4389 393 4442; x_wconf 85' lang='lat' dir='ltr'>lerus</span> <span class='ocrx_word' id='word_1_417' title='bbox 406 4390 445 4457; x_wconf 91' lang='lat' dir='ltr'>(p.</span> <span class='ocrx_word' id='word_1_418' title='bbox 455 4388 516 4456; x_wconf 81' lang='lat'>586)</span> <span class='ocrx_word' id='word_1_419' title='bbox 531 4386 679 4457; x_wconf 78' lang='lat' dir='ltr'>proposuit</span> <span class='ocrx_word' id='word_1_420' title='bbox 693 4384 897 4455; x_wconf 78' lang='lat' dir='ltr'>scripturarum</span> <span class='ocrx_word' id='word_1_421' title='bbox 910 4384 1034 4453; x_wconf 78' lang='lat' dir='ltr'>aliquam</span> <span class='ocrx_word' id='word_1_422' title='bbox 1048 4384 1183 4455; x_wconf 76' lang='lat' dir='ltr'>accipere.</span> <span class='ocrx_word' id='word_1_423' title='bbox 1198 4416 1231 4427; x_wconf 87' lang='lat'>-</span> <span class='ocrx_word' id='word_1_424' title='bbox 1250 4387 1278 4455; x_wconf 79' lang='lat'>2)</span> <span class='ocrx_word' id='word_1_425' title='bbox 1298 4385 1337 4441; x_wconf 80' lang='lat' dir='ltr'>uf.</span> <span class='ocrx_word' id='word_1_426' title='bbox 1353 4382 1482 4455; x_wconf 69' lang='lat' dir='ltr'>Ribbeck,</span> 
     </span>
     <span class='ocr_line' id='line_1_44' title="bbox 245 4466 736 4539; baseline -0.006 -14"><span class='ocrx_word' id='word_1_427' title='bbox 245 4489 254 4502; x_wconf 92' lang='lat'><strong>·</strong></span> <span class='ocrx_word' id='word_1_428' title='bbox 319 4468 417 4525; x_wconf 85' lang='lat' dir='ltr'>Rhein.</span> <span class='ocrx_word' id='word_1_429' title='bbox 436 4468 507 4525; x_wconf 85' lang='lat' dir='ltr'>Mus.</span> <span class='ocrx_word' id='word_1_430' title='bbox 527 4466 654 4539; x_wconf 80' lang='lat' dir='ltr'>XXXVI,</span> <span class='ocrx_word' id='word_1_431' title='bbox 675 4470 736 4522; x_wconf 73' lang='lat'>11⁷.</span> 
     </span>
    </p>
   </div>
   <div class='ocr_carea' id='block_1_9' title="bbox 0 0 1600 5205">
    <p class='ocr_par' dir='ltr' id='par_1_10' title="bbox 0 0 1600 5205">
     <span class='ocr_line' id='line_1_45' title="bbox 0 0 1600 5205; baseline 0 0"><span class='ocrx_word' id='word_1_432' title='bbox 0 0 1600 5205; x_wconf 95' lang='lat' dir='ltr'> </span> 
     </span>
    </p>
   </div>
  </div>
 </body>
</html>
