3192 5209
745 419 983 484 4248-

280 578 356 654 qcn‘?
378 586 451 655 quin
475 587 574 643 temeti
596 584 674 643 nibil
695 587 821 643 allatum
843 586 942 643 uideo.
976 583 1071 661 Atque
1096 585 1178 661 prior
1201 582 1325 662 quidem·
1343 600 1454 643 uersus

278 678 308 735 in
334 676 417 738 codd.
441 696 565 756 prorsus
593 679 696 738 ea'dem
720 682 833 739 ratione
853 679 1003 759 scribitur,
1028 683 1135 740 omissa
1159 683 1247 739 etiam
1280 699 1354 741 uoce
1382 687 1454 740 sunt

280 793 354 852 quae
378 778 408 833 iu
432 793 467 833 eo
492 773 573 836 Festi
592 777 693 837 codice
714 780 764 855 qui
784 776 926 836 Politiano
944 796 1001 838 usu
1029 779 1086 838 luit
1112 781 1260 838 exstitisse
1290 770 1453 858 uidetur.¹)

279 873 344 931 Has
373 881 472 932 autem
496 883 526 933 et
549 874 667 935 codices
691 893 748 936 urm
769 874 981 953 exbibentpro
1000 895 1060 954 quo
1079 875 1155 954 apud
1176 874 1359 935 Macrobium
1377 869 1454 956 (Sat.
1501 924 1505 933 .

279 964 408 1050 itt-11)
432 973 466 1030 ln‘
493 981 596 1033 exstat.
648 973 786 1033 Seruium
815 973 892 1051 apird
921 992 1010 1051 quem
1043 974 1115 1033 baec
1142 980 1260 1032 exstant
1287 972 1407 1052 (Georg.
1432 972 1454 1052 l,

278 1062 357 1148 344)
394 1070 540 1129 Cerertne
571 1076 692 1147 nuptias
717 1071 839 1147 facturi
862 1075 954 1131 ests?
998 1082 1120 1151 apparet
1146 1071 1175 1130 id
1210 1090 1267 1130 uon
1302 1091 1317 1131 e
1350 1070 1453 1130 codice
1496 1113 1502 1119 .

279 1165 407 1243 quodam
431 1166 581 1250 Plautino,
610 1170 660 1229 sed
690 1188 725 1229 ex
755 1170 896 1231 memoria
925 1170 1072 1250 attulisse,
1105 1175 1136 1228 ul
1167 1168 1213 1228 bis
1242 1167 1344 1229 uerbis
1371 1171 1454 1228 testi·

278 1266 377 1323 monio
407 1267 451 1324 uti
479 1284 537 1325 non
567 1265 662 1327 liceat.
709 1268 869 1337 Quaeritur
901 1268 993 1345 igitur
1025 1276 1126 1327 utrum
1159 1266 1243 1327 codd.
1271 1267 1453 1345 Festumque

281 1364 378 1422 secuti
393 1364 449 1423 tas
468 1370 539 1423 sont
558 1363 679 1439 facturi
701 1383 737 1423 an
757 1383 825 1425 cum
845 1363 995 1424 Macrobio
1009 1368 1043 1425 nt
1054 1373 1126 1426 sunt
1140 1364 1262 1441 factori
1279 1364 1455 1424 scribamus.

277 1458 379 1537 Neque
400 1462 492 1541 enim,
520 1479 587 1521 cum
611 1461 689 1540 apud
709 1462 830 1523 Festum
859 1465 915 1521 bus
941 1471 1013 1523 sunt
1034 1465 1184 1523 exstitisse
1209 1462 1359 1543 uideatur,
1392 1462 1453 1522 ullo

279 1566 454 1635 argumento
478 1560 583 1619 nititur
611 1559 746 1620 Muelleri
775 1554 871 1643 (482)
900 1564 1085 1641 coniectura,
1115 1562 1166 1639 qui
1190 1563 1246 1619 bns
1269 1559 1395 1634 factura·
1416 1577 1453 1618 ex

277 1659 355 1716 baec
388 1654 436 1714 uel
468 1658 502 1715 ln'
532 1656 636 1732 s[unt]
660 1656 932 1733 suctttrt‘nnptios
960 1668 1058 1718 ortum
1088 1678 1153 1719 esse
1182 1666 1274 1737 putat.
1322 1657 1453 1716 Duarum

279 1761 377 1813 autem
401 1753 517 1813 illarum
542 1746 701 1814 lectionum
723 1773 797 1831 quae
822 1755 898 1833 apud
924 1754 1105 1815 Macrobium
1130 1766 1176 1815 est
1195 1773 1259 1815 eam
1283 1757 1314 1814 in
1338 1763 1454 1815 testum

279 1854 394 1929 recepit
421 1854 534 1929 primus
564 1852 686 1929 Pylades
716 1870 843 1929 cumque
872 1871 907 1910 eo
936 1856 1024 1912 etiam
1049 1853 1195 1914 Goetzius.
1242 1854 1454 1913 decorumst

279 1949 451 2029 scribimus,
485 1968 560 2027 quos
593 1950 687 2010 dictos
721 1968 785 2009 esse
821 1946 1014 2027 putabimus?
1060 1950 1165 2012 Utrum
1199 1951 1389 2028 Megadorum
1423 1958 1454 2008 ct

278 2046 460 2126 Euclionem,
488 2050 540 2124 qui
564 2065 654 2107 uersu
683 2048 870 2108 antecedenti
899 2054 1121 2109 commemorati
1154 2058 1237 2129 sunt,
1270 2066 1306 2108 an
1339 2065 1454 2125 coquos

278 2147 329 2224 qui
362 2164 377 2203 a
402 2144 532 2204 Strobilo
556 2144 765 2206 addiscuntur?
811 2145 919 2205 Procul
943 2146 1033 2206 dubio
1057 2166 1170 2226 coquos
1199 2148 1250 2225 qui
1278 2146 1386 2205 adsunt
1408 2148 1453 2204 iu·

277 2241 461 2319 tellegeudos
486 2261 551 2301 esse
575 2252 705 2321 apparet.
756 2243 815 2303 Sed
840 2243 870 2303 bi
894 2244 952 2303 dici
973 2262 1031 2304 non
1057 2251 1182 2323 possunt
1206 2246 1324 2323 nuptias
1347 2243 1455 2321 lacere,

278 2339 357 2417 quod
382 2347 432 2399 aut
455 2340 492 2398 de
515 2339 688 2417 parentibus
712 2349 763 2399 aut
786 2341 823 2399 de
848 2344 922 2400 uiris
950 2345 1002 2419 qui
1026 2360 1149 2401 urmrem
1174 2345 1204 2401 in
1233 2343 1453 2400 matrimonium

281 2439 394 2497 ducunt
418 2436 583 2498 adhibetur.
616 2438 658 2497 Gi.
683 2438 745 2497 Arri.
770 2436 845 2499 261.
869 2436 942 2498 288.
966 2438 1030 2498 Cas.
1054 2439 1088 2499 ll.
1109 2438 1141 2519 8,
1162 2436 1212 2499 50.
1233 2438 1330 2498 Altera
1354 2444 1453 2495 autem

278 2538 424 2612 scriptura
444 2538 499 2593 bus
513 2543 584 2594 sunt
595 2535 717 2610 facturi
730 2541 852 2612 nuptias
867 2538 925 2595 iam
943 2547 1101 2615 propterea
1121 2535 1353 2614 commendatur,
1373 2532 1453 2612 quod

276 2650 334 2691 una
350 2640 380 2691 et
394 2634 423 2690 in
440 2631 592 2690 codicibus
603 2640 632 2692 et
643 2633 719 2709 apud
730 2632 851 2692 Festum
862 2640 965 2693 exstat.
981 2633 1038 2693 Sed
1051 2651 1139 2711 quem
1150 2643 1221 2693 timc
1231 2633 1377 2691 efficimus
1388 2649 1455 2689 sen-

278 2726 366 2789 sum?
390 2728 550 2809 Optimum,
572 2738 605 2789 ut
620 2729 690 2812 mibi
705 2730 833 2795 uidetur.
858 2730 960 2808 Neque
975 2735 1054 2792 enim
1069 2749 1214 2810 quaerere
1229 2729 1294 2789 uult
1313 2727 1454 2806 Staphyla

277 2827 379 2888 Cereri
403 2836 503 2887 utrmu
524 2829 642 2905 nuptias
661 2827 777 2907 iaciant,
802 2828 855 2892 sed
874 2828 976 2889 Cereri
995 2827 1096 2889 utrum
1119 2831 1176 2888 bos
1194 2828 1313 2904 nuptias
1337 2825 1457 2903 faciant,
1517 2856 1520 2858 Δ

277 2926 305 2984 id
320 2932 366 2984 est
381 2924 466 3002 talea,
481 2923 589 3000 quibus
605 2944 641 2983 nc
657 2928 756 2984 temeti
772 2926 891 3003 quidem
911 2926 1074 3004 quidquam
1092 2924 1253 2983 attulerint.
1278 2920 1452 2982 Subiectum

276 3030 375 3087 alitem
412 3022 501 3082 botius
538 3024 700 3082 sententiae
734 3022 870 3081 facillime
901 3043 935 3082 ex
976 3042 1065 3082 uersu
1099 3020 1284 3081 antecedenti
1318 3019 1451 3099 suppleri

276 3129 381 3198 potest.
428 3118 526 3188 erare
564 3119 620 3179 hoc
654 3138 743 3181 uersu
778 3120 858 3180 Festi
886 3120 1081 3198 codicumque
1118 3122 1298 3197 scripturam
1330 3136 1452 3178 seruarc

277 3215 375 3277 uelim.
404 3216 533 3277 Alterius
552 3225 650 3277 autem
675 3236 781 3281 [teram
806 3220 902 3277 exitus
925 3221 956 3277 in
980 3217 1132 3277 codicibus
1155 3218 1198 3275 sic
1218 3216 1357 3292 traditur:
1376 3220 1453 3275 otlo-

277 3320 338 3373 tunt
362 3318 509 3387 intellcpu
533 3315 612 3392 quod
637 3323 866 3375 unum'rectum
891 3326 944 3374 est.
991 3316 1064 3375 Cum
1088 3315 1176 3374 Festo
1200 3316 1225 3372 si
1249 3332 1308 3373 uua
1327 3318 1454 3374 allatum

277 3414 366 3471 uideo
387 3411 506 3470 exbibet
528 3411 694 3471 Macrobius
718 3406 751 3494 (l.
771 3409 818 3493 l),
837 3414 905 3472 inde
934 3413 1006 3472 nibil
1034 3413 1113 3473 aliud
1142 3414 1278 3490 sequitur
1301 3414 1357 3471 nisi
1382 3429 1452 3471 eom

278 3510 389 3569 iontem
414 3527 472 3588 quo
496 3508 662 3569 Macrobius
686 3510 742 3569 hoc
766 3510 831 3569 loco
855 3530 927 3570 usus
951 3512 1055 3570 estad
1080 3509 1216 3569 Verrium
1240 3508 1381 3569 Flaccum
1405 3526 1451 3567 re

279 3607 342 3666 dire
352 3600 387 3689 ²),
412 3606 569 3667 dummodo
593 3606 722 3666 illudln'
744 3627 852 3667 uersus
875 3608 1078 3668 antecedentis
1101 3615 1152 3668 aut
1175 3624 1245 3665 casu
1269 3615 1320 3666 aut
1338 3606 1455 3665 librarii

262 3703 435 3763 cuiusdam
459 3705 629 3763 coniectura
653 3713 751 3764 ortum
777 3724 842 3768 esse
861 3715 1008 3783 putemus.
1060 3705 1182 3765 Verrius
1205 3712 1304 3763 autem
1327 3703 1453 3763 Flaccus

278 3804 342 3878 ipsc
376 3801 453 3861 trude
483 3800 562 3861 bunc
592 3820 715 3860 uersum
741 3804 882 3862 uitiosum
911 3806 1073 3881 sumpsisse
1101 3801 1251 3881 putandus
1284 3797 1351 3860 est?
1397 3800 1451 3859 Vix

279 3900 357 3957 enim
383 3898 418 3959 de
438 3898 613 3976 glossemate
633 3900 666 3957 in
684 3898 768 3958 Verri
788 3899 885 3960 Flacci
904 3900 1014 3960 librum
1033 3900 1261 3978 illato'cogitare
1281 3916 1451 3978 possumus,

279 4014 376 4074 neque
400 3998 488 4055 etiam
513 3997 537 4053 si
561 3995 691 4073 reliquos
715 4014 818 4061 omnes
837 3997 917 4056 locos
940 3998 977 4056 de
1002 3998 1110 4076 quibus
1130 3997 1226 4057 adbuc
1245 3998 1360 4075 egimus
1380 4013 1449 4054 cou-

278 4093 471 4173 templamur,
509 4095 606 4170 ipsum
634 4091 771 4153 Verrium
802 4094 940 4155 Flaccum
972 4115 1007 4155 ex
1039 4098 1181 4155 memoria
1213 4094 1294 4153 hunc
1328 4110 1454 4153 uersum

350 4332 378 4403 1)
397 4331 436 4389 df.
456 4334 610 4390 Mommsen
629 4335 647 4389 l.
667 4336 684 4390 l.
704 4355 730 4405 p.
751 4342 792 4391 st.
823 4368 857 4375 —
877 4342 904 4404 ἓ)
925 4337 1010 4407 rugit
1028 4338 1074 4390 hic
1092 4334 1170 4390 locus
1188 4333 1335 4406 Hugonem
1350 4331 1454 4412 Liuke,
1515 4318 1521 4330 ¹

231 4444 234 4448 ·
279 4414 384 4483 quide
418 4415 528 4469 ratione
550 4416 624 4469 inber
646 4414 780 4470 Macrobii
804 4421 947 4470 auctorem
971 4420 1053 4484 atquc
1077 4416 1206 4470 Verrium
1235 4415 1367 4470 Flaccum
1393 4414 1454 4485 egit

279 4494 472 4566 (Quaestiones
492 4497 527 4550 de
546 4495 682 4550 Macrobii
702 4496 925 4559 Saturnalia-um
946 4497 1071 4550 lontibus
1087 4514 1114 4565 p.
1134 4498 1186 4566 36).
