3192 5209
604 454 641 465 -
690 416 842 483 209-

133 580 206 658 plici
237 583 385 661 scriptura
415 580 540 642 traditos
572 580 758 643 redeundum
790 588 846 641 est.
889 581 949 641 lllis
982 582 1076 662 enim,
1109 580 1189 660 quod
1212 588 1242 640 et
1269 581 1305 640 ad

133 676 218 737 Festi
235 677 378 757 Paulique
402 698 509 740 uersus
523 677 676 739 Plautinos
699 684 780 737 recte
804 677 977 738 iudicandos
1000 686 1030 738 et
1053 677 1088 736 ad
1108 685 1208 738 textus
1221 675 1305 737 Plau·

133 778 190 835 tini
214 776 301 838 nobis
324 778 424 837 traditi
447 777 600 838 historiam
625 777 743 835 maximi
774 782 820 834 est
847 776 1003 853 momenti,
1031 793 1089 853 quo
1117 782 1252 854 tempore
1275 782 1306 835 et

134 891 193 951 qua
226 876 340 933 ratione
373 879 457 934 ortae
488 876 549 933 sint
578 873 655 933 duae
688 873 854 934 fabularum
881 871 1083 939 Plautinarum
1115 875 1306 933 recensiones

134 974 304 1033 accuratius
328 989 416 1051 quam
439 970 535 1031 adhuc
559 971 668 1030 iactum
697 979 743 1030 est
765 970 884 1032 definiri
909 988 997 1050 posse
1020 979 1101 1048 puto.
1147 970 1305 1031 Recensio·

135 1080 192 1129 nes·
216 1071 294 1131 enim
322 1068 396 1129 duas
424 1067 559 1128 codicum
583 1067 787 1129 Plautinorum
816 1068 903 1129 nobis
927 1068 1049 1128 traditas
1073 1086 1151 1149 esse,
1179 1087 1306 1147 quarum

136 1166 229 1231 altera
253 1166 447 1227 Ambrosiano
472 1158 524 1248 (A)
549 1166 639 1227 altera
662 1168 787 1247 reliquis
809 1165 948 1227 omnibus
971 1166 1132 1245 codicibus,
1160 1169 1306 1245 imprimis

133 1263 286 1345 Palatinis,
310 1268 361 1344 qui
384 1265 525 1325 dicuntur
548 1255 610 1345 (P),
640 1268 840 1346 contineatur,
868 1272 902 1325 ut
930 1281 1016 1323 nemo
1044 1264 1151 1325 doctus
1178 1269 1307 1346 negauit,

132 1364 174 1423 ita
205 1366 253 1423 oui
283 1364 409 1442 tempori
440 1361 489 1423 uel
519 1362 568 1423 oui
601 1365 716 1421 auctori
748 1370 875 1441 utraque
906 1364 945 1423 sit
972 1360 1143 1442 tribuenda,
1172 1365 1305 1423 uirorum

132 1460 289 1521 doctorum
314 1462 478 1521 sententiae
502 1476 679 1538 magnopere
703 1462 782 1521 inter
805 1478 837 1520 se
861 1460 1011 1521 differunt.

222 1559 318 1637 Atque
355 1556 597 1618 Ritschelii
632 1557 751 1634 quidem
788 1560 948 1639 sententia,
992 1559 1044 1635 qui
1081 1559 1168 1617 nixus
1204 1558 1306 1618 codice

134 1656 333 1717 Ottoboniano
363 1650 450 1716 2005
483 1654 656 1732 calliopium
689 1656 873 1715 recensionis
904 1654 935 1714 P.
966 1663 1118 1716 auctorem
1150 1674 1218 1715 esse
1253 1675 1307 1736 pu-

134 1748 256 1835 tauit1),
288 1772 304 1813 a
332 1752 578 1814 Studemundo
615 1770 740 1831 prorsus
772 1760 886 1812 remota
918 1746 1004 1835 est.²)
1051 1752 1110 1813 Sed
1137 1770 1175 1813 ne
1201 1752 1307 1814 Stude·

136 1851 281 1912 mundum
314 1850 447 1930 quidem,
480 1852 531 1928 qui
562 1857 630 1929 post
653 1848 849 1910 Ritschelium
881 1850 957 1910 hanc
989 1852 1193 1929 quaestionem
1221 1868 1307 1911 aecu-

138 1950 232 2009 ratius
256 1941 441 2029 tractauit3),
469 1950 566 2008 omnia
589 1957 670 2008 recte
695 1949 790 2025 egisse
814 1950 991 2026 putauerim.
1038 1948 1134 2019 Quem
1158 1950 1183 2007 si
1207 1950 1305 2027 sequi·

136 2063 220 2125 mur,
245 2045 433 2106 Ambrosiani
456 2052 608 2105 auctorem
632 2054 700 2125 post
718 2042 910 2106 Heliodorum
938 2048 1108 2127 metricum,
1135 2047 1187 2124 qui
1211 2048 1308 2125 primo

136 2161 167 2221 p.
192 2143 222 2204 C.
246 2162 275 2203 n.
299 2142 416 2204 saeculo
443 2141 541 2203 medio
564 2136 711 2226 floruit4),
738 2150 769 2202 et
796 2151 864 2203 ante
888 2142 1056 2205 Charisium
1084 2144 1308 2222 grammaticum

135 2259 212 2319 opus
247 2259 334 2301 suum
367 2240 530 2300 coniecisse
564 2247 727 2299 statuamus
761 2241 885 2301 necesse
918 2250 972 2301 est.
1017 2242 1113 2319 Atque
1149 2247 1216 2300 ante
1236 2239 1309 2300 Cha-

135 2340 241 2399 risium
266 2338 386 2417 quidem
409 2336 595 2399 Ambrosiani
622 2339 827 2398 recensionem
856 2340 1017 2418 perlectam
1042 2356 1108 2399 esse
1131 2345 1167 2397 ut
1188 2336 1308 2397 demon-

135 2443 221 2517 stret,
245 2435 325 2495 bunc
349 2427 508 2515 Charisii5)
536 2434 632 2495 locum
661 2436 760 2495 affert:
788 2439 939 2497 meditate.
973 2438 1101 2497 Plautus
1124 2439 1156 2496 ic
1178 2435 1308 2495 Bocchi-

135 2536 239 2595 dr'bus:
270 2534 387 2610 Edepol
412 2552 451 2593 oe
480 2539 513 2592 tu
541 2536 660 2593 illorum
688 2552 787 2593 mores
806 2552 956 2611 perquem
979 2538 1123 2595 meditate
1159 2541 1249 2594 tenes
1277 2537 1311 2593 ic

135 2632 316 2706 quibusdum
348 2649 408 2691 noo
438 2628 554 2705 ferunt.
587 2628 655 2709 [pro
689 2649 755 2709 quo
775 2630 957 2691 Ritschelius
989 2632 1123 2709 scripsit:
1153 2629 1309 2717 feruntur.

135 2724 461 2807 Gi.Parerg.1418,
491 2724 578 2804 386]
632 2726 692 2787 lam
721 2746 789 2788 cum
817 2748 881 2789 uno·
916 2728 966 2790 illo
994 2746 1085 2788 uersu
1114 2728 1194 2789 nullo
1222 2730 1309 2790 modo

133 2824 193 2885 boc
229 2826 293 2885 loco
323 2844 425 2886 carere
455 2827 617 2903 possimus,
651 2827 682 2887 iu
710 2824 733 2886 A
764 2834 863 2887 autem
890 2834 967 2887 teste
1002 2825 1207 2886 Stodemundo
1242 2845 1309 2887 uer·

135 2941 191 2983 sus
223 2918 412 3002 oto-551,
444 2941 519 3001 quos
551 2921 574 2981 P
607 2922 739 3003 exhibet,
772 2923 884 3005 desint,
911 2924 980 2984 indo
1013 2926 1086 2984 satis
1117 2923 1310 3003 probabiliter

137 3019 290 3081 concludit
313 3020 362 3080 illa
386 3019 511 3080 Charisii
535 3018 627 3079 uerba
649 3037 709 3079 non
737 3020 772 3080 ad
802 3036 895 3080 unum
922 3020 1005 3080 illum
1033 3037 1169 3100 uersum,
1197 3021 1250 3081 sed
1273 3021 1309 3081 ad

86 3168 89 3172 .
135 3126 234 3180 totum
271 3117 352 3179 hunc
383 3116 482 3179 locum
517 3134 583 3177 esse
615 3117 780 3178 reserenda.
831 3115 928 3186 Quare
965 3120 1023 3178 iam
1058 3126 1122 3178 tum
1162 3118 1310 3199 duplicem

137 3218 344 3276 recensionem
377 3217 525 3277 exstitisse
554 3221 647 3294 putat.
694 3214 790 3293 Atque
818 3214 888 3276 huic
915 3217 1024 3277 rationi
1051 3223 1085 3276 ut
1107 3216 1181 3275 nihil
1204 3216 1310 3297 obstat,

135 3316 178 3373 ita
201 3332 269 3374 cerm
296 3320 365 3393 post
386 3312 579 3373 Heliodorum
602 3311 633 3397 A⁸
655 3314 861 3372 recensionem
889 3321 982 3373 ortam
1012 3331 1078 3373 osse
1106 3313 1309 3375 demonstrare

138 3409 269 3492 studeat,
302 3412 402 3471 uariae
431 3409 620 3471 difficultates
654 3412 803 3471 oriuntur.
852 3412 1043 3489 Argumentis
1077 3420 1177 3472 autem
1204 3413 1309 3473 nititur

136 3508 200 3571 his:
235 3508 279 3569 Ex
302 3509 326 3567 A
350 3507 499 3569 scribendi
527 3510 640 3567 ratione
664 3525 806 3586 apparere
831 3507 883 3569 ubi
905 3512 977 3569 noui
1005 3512 1095 3569 metri
1121 3511 1239 3570 initium
1271 3513 1310 3571 sit

136 3624 248 3667 uersus
275 3615 325 3667 aut
351 3607 440 3668 latius
467 3606 638 3685 promoueri
670 3613 721 3665 aut
747 3608 854 3687 inseri,
887 3625 1064 3687 quamquam
1097 3610 1124 3668 is
1155 3607 1228 3668 ordo
1255 3626 1310 3688 per

100 3702 288 3784 'librarios,
328 3704 398 3783 quid
438 3703 495 3764 sibi
530 3703 634 3783 uellet,
672 3705 843 3765 nescientes
874 3703 1045 3784 saepissime
1085 3705 1223 3772 turbatus
1263 3708 1310 3766 sit.

136 3800 197 3860 lam
226 3819 294 3861 cum
331 3800 367 3862 ab
399 3801 559 3863 Heliodoro
596 3803 737 3882 metrico,
774 3803 826 3879 qui
859 3792 1132 3881 Ἀριστοφάνειον
1169 3804 1310 3882 colope-

136 3897 234 3979 τοίαν
258 3892 460 3981 scripserit⁶),
484 3917 550 3959 eam
579 3917 686 3959 uersus
710 3906 740 3958 et
769 3898 1020 3987 promouendi'ct
1042 3897 1194 3960 inserendi
1222 3902 1310 3960 ratio-

137 4014 206 4057 nem
230 4005 283 4057 aut
311 3999 463 4059 inuentam
493 4006 545 4058 aut
574 4005 654 4057 certe
678 3998 709 4055 in
731 3996 825 4072 libros
855 3995 1026 4057 translatam
1054 4015 1121 4057 esse
1148 3997 1309 4058 uerisimile

210 4181 236 4249 1)
256 4178 390 4234 Ritschel.
416 4194 509 4248 opusc.
528 4178 555 4231 II
575 4184 634 4233 tor.
667 4176 751 4234 Proll.
771 4177 808 4231 ad
830 4176 926 4233 Trin.¹
943 4196 977 4230 xn
996 4194 1037 4245 sq.
1057 4174 1146 4247 —‘2)
1165 4176 1311 4247 Festgruss

138 4253 188 4313 der
210 4258 310 4327 philol.
330 4258 514 4315 Gesellschafl
538 4276 570 4312 zu
587 4258 756 4327 wirzburg,
783 4264 867 4327 1868,
890 4276 917 4327 p.
937 4264 972 4312 39
996 4258 1058 4311 adn.
1079 4264 1103 4312 3.
1133 4290 1165 4297 -
1194 4259 1221 4326 3)
1240 4258 1271 4313 L.
1290 4256 1310 4311 l.

138 4355 186 4407 pp.
197 4344 311 4397 38-49.
323 4368 357 4379 -
375 4341 402 4407 4)
421 4338 452 4393 0.
472 4339 573 4406 Hense,
594 4336 824 4393 Heliodoreische
841 4338 1102 4407 Untersuchnngen,
1121 4354 1167 4407 pp.
1183 4343 1235 4392 164
1250 4356 1310 4407 sqq.

138 4447 174 4458 ·-
193 4418 220 4487 ὅ)
240 4418 362 4474 Gromm.
381 4419 431 4473 lat.
449 4418 463 4471 I
485 4436 511 4488 p.
531 4422 591 4473 205.
612 4448 646 4458 -
670 4416 746 4486 6),Ο.
766 4417 934 4486 Thiemann,
954 4413 1125 4488 Ἡλιοδώρου
1150 4412 1312 4488 Ἀριστοφά-

138 4518 216 4562 νειος
234 4499 414 4569 οωλομετρίοι.
434 4496 517 4553 Helle
538 4503 614 4553 1888.

191 4597 370 4641 Βὶειοτιοοίοοοι
384 4599 497 4639 Ienenses.
518 4598 550 4638 Π.
830 4632 838 4640 .
1063 4592 1098 4652 14
