3192 5209
762 374 811 471 ¹-
856 427 923 490 eos
971 463 1009 472 -

302 587 376 648 loeis
400 607 414 647 a
438 590 637 665 grammaticis
665 588 854 667 deriuantnr,
886 607 953 658 nonz
978 597 1024 648 est
1056 588 1135 667 qnod
1166 607 1230 649 eam
1259 607 1322 657 rein
1350 590 1481 669 amplius

303 687 429 744 mireris.

392 781 507 867 Quibus
532 785 676 860 expositis
705 783 733 844 id
763 803 906 863 apparere
936 792 1009 863 puto
1038 803 1096 843 non
1125 802 1229 844 omnes
1257 800 1365 845 uersus
1392 784 1480 844 Plau-

303 884 381 941 tinos
409 899 484 959 qnos
513 879 589 958 apud
620 878 741 940 Festum
774 883 944 941 inuenirnus
976 882 1011 941 ad
1042 882 1160 941 codices
1189 883 1303 963 redire,
1330 883 1380 943 sed
1411 901 1480 962 par-

303 988 362 1039 tem
386 988 468 1037 certe
492 995 596 1037 eorum
620 995 655 1036 ex
684 982 944 1055 grammaticorum
973 978 1209 1056 glossatornmue
1239 980 1380 1059 operibus
1410 999 1480 1040 esse

302 1068 490 1157 sumptam.¹)

792 1267 899 1349 Cap.
922 1268 991 1335 III.

392 1413 412 1490 ξ
438 1410 465 1473 l.
511 1413 571 1473 lam
601 1413 647 1472 his
675 1416 760 1492 quasi
795 1414 995 1475 fundamentis
1024 1416 1232 1494 disputationis
1261 1427 1379 1477 nostrae
1407 1436 1481 1476 eon-

304 1514 427 1572 slruotis
451 1511 485 1571 ad
511 1530 573 1570 rern
598 1512 684 1571 nobis
709 1515 891 1591 propositam
914 1515 1007 1591 ipsam
1027 1514 1260 1591 progrediamur.
1302 1516 1397 1593 Atque
1417 1516 1478 1593 pri-

304 1627 383 1669 mum
413 1609 532 1688 quidem
561 1612 669 1668 iterum
699 1611 733 1669 ad
762 1610 844 1669 loces
872 1610 937 1668 illos
967 1611 1043 1688 apud
1068 1610 1190 1672 Festum
1213 1613 1395 1689 Paulumque
1423 1612 1477 1671 du-

378 1793 404 1855 1)
424 1790 515 1856 Atque
535 1789 577 1842 his
597 1788 709 1857 quidem
730 1789 903 1859 argumentis
923 1793 955 1842 nt
973 1791 1194 1846 demonstratum
1209 1808 1268 1845 6666
1282 1790 1395 1844 61116161
1409 1790 1479 1843 Fer·
1580 1821 1581 1850 3

303 1869 375 1922 rium
394 1867 525 1921 Flaccum
549 1868 696 1923 nonnullos
720 1871 796 1923 66116
820 1886 917 1923 uersus
936 1868 1157 1928 Plautinosnon
1180 1890 1215 1926 ex
1233 1870 1376 1926 codicibus
1396 1870 1479 1925 Plau-

303 1948 383 2011 tinis,
408 1946 456 1999 sed
475 1963 509 1999 ex
528 1947 775 2015 grammaticorum
795 1950 925 2017 operibns
944 1951 1133 2019 exscripsisse,
1157 1952 1199 2006 ita
1221 1952 1333 2007 omuino
1356 1949 1480 2019 suspicio

307 2026 396 2080 oritur
415 2026 484 2079 alios
505 2042 615 2094 qnoque
635 2044 730 2080 uersus
750 2045 784 2080 611
799 2029 901 2081 eisdem
918 2028 1041 2083 fontibus
1056 2032 1092 2083 ad
1107 2049 1170 2083 eum
1184 2030 1352 2100 peruenisse.
1385 2030 1480 2097 Atque

303 2108 326 2161 61
344 2108 452 2176 glossas
469 2106 631 2175 inspicimus
654 2107 716 2160 has:
741 2108 850 2162 Naeuia
869 2127 894 2177 p.
916 2114 979 2174 161,
999 2108 1058 2162 Nee
1077 2128 1102 2179 p.
1125 2116 1188 2176 162,
1212 2110 1351 2163 Nauteam
1371 2129 1396 2178 p.
1419 2116 1481 2175 165,

303 2188 424 2240 Numero
449 2204 476 2255 p.
498 2191 563 2253 170,
586 2186 697 2254 Vapnla
719 2188 833 2255 Papiria
854 2189 881 2256 p.
902 2194 968 2253 372,
998 2188 1102 2258 Valgos
1126 2208 1153 2258 p.
1173 2196 1239 2256 376,
1262 2191 1349 2258 'Nepa
1370 2208 1397 2257 p.
1419 2196 1482 2252 165,

304 2268 377 2319 Nare
400 2284 426 2333 p.
448 2271 512 2333 166,
536 2264 640 2318 Ρ61661
664 2265 689 2335 p.
710 2271 776 2333 217,
804 2266 869 2319 inde
893 2283 950 2335 qna
972 2270 1081 2322 ratione
1108 2270 1222 2323 omnino
1250 2260 1342 2337 egerit
1363 2267 1481 2321 Verrius

303 2346 418 2401 Flaccus
437 2345 618 2413 aliquatenus
637 2348 767 2414 cognosci
781 2363 864 2415 posse
880 2351 956 2415 puto.
993 2346 1121 2417 Exempli
1135 2365 1221 2403 66666
1233 2349 1347 2403 afferam
1363 2364 1481 2402 uocem:

303 2426 429 2480 Naucum
449 2431 552 2495 plot:
578 2424 707 2479 Naurum
726 2427 767 2479 eit
787 2428 884 2479 Ateius
904 2428 1066 2497 Philologus
1085 2431 1156 2496 poni
1173 2446 1228 2497 pro
1246 2432 1336 2497 ungis.
1358 2427 1483 2491 Cincius,

303 2508 375 2575 qnod
395 2507 467 2559 oleae
485 2507 616 2573 mucisque
634 2507 710 2559 iratus
727 2508 770 2559 sit.
795 2508 892 2559 Aelius
906 2506 976 2560 Stilo
994 2510 1115 2561 omnium
1128 2526 1219 2561 rerum
1232 2515 1370 2575 putamen.
1399 2506 1480 2559 Glos-

302 2593 464 2641 sematorum
484 2592 573 2639 antem
591 2586 744 2653 scriptores,
762 2586 845 2651 sabae
860 2588 947 2655 premi
964 2588 1037 2654 quod
1054 2588 1163 2641 haereat
1180 2590 1212 2641 in
1229 2589 1332 2654 subulo.
1359 2586 1481 2655 Quidam
1579 2601 1580 2604 ¹

303 2684 336 2719 eac
360 2667 477 2731 Graeco,
502 2667 574 2735 quod
596 2668 633 2719 sit
656 2664 705 2718 nul
727 2665 776 2718 1161
799 2662 877 2734 οὐχί,
901 2668 984 2720 leuem
1007 2669 1141 2723 hominem
1158 2670 1320 2737 siqnificari.
1360 2665 1481 2737 Quidum

302 2748 383 2800 uncis
400 2747 556 2815 1691661116,
578 2762 661 2815 quum
686 2746 798 2801 Verrius
820 2748 984 2815 iuglandem
1006 2753 1101 2814 meat,
1123 2750 1243 2802 medium
1266 2749 1341 2801 uelut
1365 2748 1481 2814 dissepi-

302 2834 428 2881 mentum.
468 2826 526 2878 lam
547 2828 700 2894 sequuntur
718 2826 846 2895 exempla
864 2843 898 2881 ex
917 2827 1017 2881 Plauto
1036 2827 1144 2881 Naeuio
1163 2827 1253 2881 Ennio
1272 2827 1367 2883 611616
1398 2826 1480 2879 Vnde

303 2910 400 2976 patere
427 2907 495 2975 puto
524 2923 579 2960 666
601 2904 643 2958 116
671 2905 762 2973 egisse
789 2905 918 2959 Verrium
941 2904 1086 2972 Flaccum,
1110 2911 1142 2960 nt
1168 2908 1237 2960 locis
1261 2908 1314 2973 616,
1339 2907 1387 2958 ubi
1411 2923 1480 2957 6611-

304 3006 366 3040 6661
391 3003 444 3039 nox
467 3004 518 3039 usn
544 2985 665 3051 ueniret,
690 3002 723 3038 ex
746 2986 927 3053 scriptoribus
951 2988 1051 3043 Plauto
1074 2987 1181 3042 Naeuio
1201 2986 1291 3040 Ennio
1314 2986 1481 3054 conquisitis

304 3067 426 3120 uirorum
451 3066 596 3121 doctorum
620 3065 655 3117 de
678 3080 712 3116 ea
734 3080 804 3117 uoce
828 3067 982 3121 sententias
1007 3086 1041 3121 611
1066 3068 1177 3137 scriptis
1202 3084 1297 3120 eornm
1321 3065 1479 3133 colligeret,

305 3149 354 3200 sed
378 3146 468 3200 multo
493 3142 586 3213 potius
611 3158 644 3195 ea
667 3144 787 3209 ratione,
816 3150 849 3199 ut
871 3147 1045 3215 singulorum
1068 3147 1191 3201 uirorum
1215 3149 1362 3201 doctorum
1386 3149 1421 3198 de
1444 3160 1481 3197 ea

304 3244 372 3280 uoce
392 3225 546 3279 sententies
565 3224 641 3292 prius
660 3222 818 3294 colligeret,
843 3244 938 3280 661666
963 3232 995 3282 61
1017 3228 1091 3296 apud
1116 3226 1179 3281 11166
1203 3225 1343 3279 inueniret
1360 3225 1389 3278 in
1408 3242 1480 3293 opus

305 3324 384 3360 sunm
405 3305 527 3357 referret.
565 3302 658 3371 Atque
677 3303 752 3358 idern
770 3309 934 3361 6611661616
960 3308 1001 3361 eis
1026 3324 1095 3375 quos
1118 3306 1202 3359 modo
1219 3304 1404 3371 61161116616,
1428 3306 1478 3357 sed

304 3387 401 3441 11161116
430 3385 516 3439 611661
544 3383 606 3436 aliis
636 3382 740 3437 fectum
769 3387 881 3441 uidetur
904 3403 977 3453 esse,
1006 3403 1075 3455 qnos
1104 3404 1166 3438 cum
1193 3384 1264 3438 nihil
1286 3384 1321 3438 ad
1347 3383 1480 3436 Plautum
1579 3381 1580 3398 ³

304 3467 418 3534 faciant,
438 3480 511 3517 nunc
529 3461 621 3515 mitto.

376 3546 475 3599 Restat
494 3544 527 3596 ut
543 3539 640 3611 paneis
658 3539 813 3596 indicemus
832 3548 906 3598 nnde
924 3547 1063 3614 imprimis
1078 3562 1176 3599 uersus
1191 3544 1335 3598 Plautinos
1349 3542 1480 3597 Verrium

305 3626 435 3679 Flaccum
457 3622 607 3691 sumpsisse
626 3619 778 3675 uerisimile
797 3624 840 3679 611.
879 3628 971 3693 Atque
990 3626 1039 3695 qui
1057 3627 1109 3681 sub
1132 3624 1172 3679 eis
1195 3624 1322 3690 uocibus,
1349 3623 1397 3676 ubi
1415 3641 1480 3676 uer.

305 3724 352 3759 ⁸1¹⁸
367 3706 387 3757 Ρ
390 3704 491 3757 11111ῑῦ1
510 3702 670 3763 dfferfflllur,
692 3703 830 3757 6616111611
849 3712 914 3759 6661
933 3706 1090 3775 scriptores,
1109 3704 1140 3757 hi
1155 3707 1231 3758 sunt:
1250 3704 1369 3757 Aelius
1388 3702 1481 3757 Stilo

305 3808 325 3839 6.
346 3806 372 3838 n.
393 3785 518 3838 Nancum
541 3789 600 3836 166.
628 3782 739 3855 Vapula
758 3783 871 3852 Papiria
889 3791 949 3838 372.
977 3784 1139 3839 Aurelius
1158 3782 1294 3852 Opilius
1318 3782 1481 3837 661166-
1578 3807 1579 3810 ¹

304 3872 379 3919 team
402 3870 460 3918 166.
480 3863 585 3932 Valgos
605 3869 665 3918 376,
690 3864 798 3917 Varro
818 3883 839 3917 6.
855 3883 880 3916 u.
895 3862 1007 3934 Vapule
1026 3865 1138 3934 Papiria
1156 3870 1216 3918 372.
1241 3864 1365 3917 Sextus
1384 3862 1481 3918 Pom·
1578 3899 1579 3940 ,

304 3944 402 4014 peius
420 3963 440 3997 6.
461 3963 486 3997 u.
506 3942 630 3997 Numero
651 3950 709 3998 170.
735 3942 861 3997 Α16166
880 3943 1085 4013 Philologus
1103 3966 1123 3999 s.
1139 3964 1165 3998 n.
1180 3943 1307 3998 Naucum
1323 3949 1383 3998 166.
1418 3944 1480 3996 La·

304 4028 367 4080 beo
386 4044 408 4079 s.
428 4043 453 4079 n.
473 4022 611 4077 Nauteam
633 4030 691 4079 166.
721 4024 862 4078 Sinnius
881 4023 1003 4092 Capito
1023 4024 1242 4080 6611611162.
1275 4022 1398 4077 Numero
1420 4030 1480 4077 170.

304 4104 415 4175 Vapula
442 4102 553 4173 Papiria
578 4110 638 4159 372.
677 4102 815 4157 Cincius
841 4122 862 4156 s.
883 4124 908 4158 u.
928 4103 1056 4159 Naurum
1082 4112 1140 4161 166.
1178 4104 1387 4160 Cornificius
1410 4121 1432 4170 s.
1451 4123 1481 4158 n.

304 4184 406 4237 Putnm
431 4190 491 4237 212.
530 4182 708 4254 Panurgus
730 4182 900 4236 Antonius
928 4203 949 4237 s.
973 4203 1000 4239 n.
1023 4183 1145 4239 Numero
1170 4191 1233 4250 170,
1260 4201 1342 4251 quem
1369 4183 1417 4250 qni
1443 4185 1483 4236 sit

305 4264 451 4317 nescimus.
489 4262 611 4327 Quorum
635 4262 801 4331 scriptorum
826 4262 919 4317 elucet
942 4265 977 4316 ad
1001 4281 1096 4317 uersus
1115 4264 1262 4317 Plautinos
1286 4263 1482 4332 explanandos

305 4344 418 4396 maioris
444 4358 527 4408 qnam
555 4338 677 4409 reliquos
708 4343 843 4396 momenti
873 4343 958 4396 luisse
988 4342 1123 4398 Aelium
1158 4342 1341 4410 Stilonem,
1372 4345 1482 4396 Aure-

303 4423 385 4476 lium
409 4420 572 4490 Opilium,
596 4419 795 4489 Varronem,
825 4440 893 4489 qnos
917 4422 1053 4491 imprimis
1076 4423 1179 4478 tabulis
1204 4422 1341 4477 Plautinis
1365 4439 1482 4491 operam

303 4501 414 4557 dedisse
433 4502 552 4555 constat.
