3192 5209
734 346 1075 429 -rrc-‚

266 507 362 587 Atque
385 508 475 569 illius'
488 508 607 587 quidem
628 527 736 570 uersus
760 508 834 571 duas
856 511 934 590 apud
951 512 1073 574 Festum
1097 516 1262 594 scripturas
1279 532 1346 575 esse
1365 516 1438 576 alte·

267 624 330 667 ram
358 608 430 667 Cum
449 610 576 667 extortis
599 611 668 668 tutis
688 626 756 669 cum
775 612 902 670 crotillis
922 614 1080 684 crusculis,
1099 611 1222 672 alteram
1244 613 1317 672 Cum
1334 620 1438 675 ector·

268 708 306 765 tis
330 708 399 765 tutis
422 722 491 765 cum
514 708 625 767 todillis
650 711 811 787 crusculis,
834 715 920 768 autea
942 705 1055 767 dictum
1079 717 1132 768 est.
1170 702 1316 768 ‘Todillis'
1340 717 1440 770 autem

268 802 341 862 nihil
369 820 435 862 esse
462 811 593 881 apparet.
638 804 742 883 Neque
770 808 849 865 enim
878 805 936 865 ulla
965 807 1079 865 ratione
1109 805 1188 883 quod
1217 805 1294 885 apud
1317 805 1439 868 Festum

268 908 371 979 exstat,
399 901 462 961 fieri
491 908 604 981 potest,
632 910 665 963 ut
692 922 709 963 a
736 923 811 965 uoce
840 898 951 963 ‘todus'
979 902 1037 962 tale
1066 902 1221 963 detinetur
1248 904 1438 967 adiectiuum.

268 997 396 1059 Alteram
420 1017 494 1059 uero
517 1017 622 1059 uocem
647 995 805 1062 ‘crotillus’
829 1003 885 1059 etsi
908 1019 966 1080 qua
990 1003 1104 1062 ratione
1128 993 1301 1081 explicanda
1322 1005 1442 1063 sitnon

268 1094 356 1154 uideo
380 1102 477 1155 tamen
502 1103 614 1155 rectam
638 1116 704 1158 esse
727 1118 763 1159 ex
786 1099 834 1159 illa
858 1098 959 1178 altera,
982 1118 1057 1177 quae
1082 1119 1109 1179 p.
1129 1096 1191 1159 301
1217 1100 1294 1178 apud
1318 1099 1442 1161 Festum

268 1192 403 1253 affertur:
423 1188 635 1254 ‘succrotillus'
650 1195 755 1256 elucet.
793 1195 876 1256 Hanc
895 1198 975 1256 enim
995 1214 1055 1255 non
1074 1204 1243 1275 suspectam
1261 1215 1326 1257 esse
1342 1215 1440 1258 exem·

267 1289 316 1368 pla
339 1308 355 1349 a
374 1288 483 1350 Titinio
506 1298 595 1370 atque
619 1290 738 1352 Afranio
762 1296 856 1371 petita
879 1292 994 1353 docent.
1035 1292 1099 1353 Hoc
1121 1312 1214 1354 riuum
1238 1312 1273 1354 ex
1296 1292 1343 1353 his
1366 1293 1442 1354 locis

268 1394 299 1447 et
321 1404 357 1447 ex
381 1387 478 1449 addita
496 1387 581 1449 Verri
600 1388 699 1451 Flacci
722 1392 939 1469 significatione
962 1390 1059 1471 aliqua
1077 1389 1282 1469 probabilitate
1303 1390 1439 1451 concludi

267 1502 355 1563 posse
379 1483 499 1544 uidetur
521 1486 668 1563 imprimis
692 1487 728 1547 de
752 1490 837 1548 nocis
860 1490 960 1549 sonitu
983 1507 1040 1549 usu
1062 1491 1183 1549 uenisse
1208 1487 1279 1549 illud
1304 1488 1441 1569 uerbum,

267 1581 460 1661 quamobrem
483 1582 519 1641 ad
542 1582 639 1644 Plauti
662 1603 783 1645 uersum
808 1585 941 1646 additum
965 1594 1022 1647 est:
1051 1582 1152 1666 ‘bellu
1176 1604 1251 1665 quae
1274 1603 1334 1646 non
1357 1586 1438 1665 pedi·

266 1678 339 1757 bu[s
371 1673 556 1763 ualerent].1)
602 1680 700 1751 Quare
733 1682 782 1743 hic
814 1683 898 1744 locus
931 1683 1027 1745 tribus
1059 1684 1118 1745 illis
1145 1684 1182 1745 de
1213 1685 1322 1764 quihus
1354 1695 1443 1747 autea

268 1780 383 1855 egimus
405 1780 463 1839 iam
486 1796 540 1863 per
564 1796 595 1839 se
620 1779 787 1840 simillimus
813 1783 900 1842 etiam
924 1800 958 1841 ea
980 1800 1014 1841 re
1042 1784 1175 1860 prouime
1204 1784 1331 1865 accedit,
1361 1785 1444 1863 quod

267 1875 358 1936 altera
386 1876 480 1935 forma
508 1872 656 1938 ‘crotillis'
688 1896 759 1939 uera
786 1887 846 1959 est,
883 1879 975 1940 altera
1004 1874 1136 1940 ‘accitus'
1165 1898 1237 1940 uere
1260 1880 1351 1942 latina
1375 1900 1442 1942 esse

260 1976 387 2045 ,omnino
415 1992 475 2035 non
503 1974 632 2036 uidetur.
677 1976 771 2038 Porro
804 1980 894 2038 etiam
925 1976 1015 2038 huius
1047 1995 1156 2037 uersus
1184 1965 1309 2037 ior'mam
1339 1980 1444 2040 falsam

267 2073 377 2150 optime
406 2071 581 2151 explicatam
610 2081 699 2152 atque
726 2076 890 2136 deriuatcm
919 2074 997 2154 apud
1026 2076 1233 2152 grammaticos
1261 2078 1443 2151 inuenimus,

266 2187 335 2230 cum
373 2164 531 2229 ‘crotillis'
570 2172 640 2250 quid
678 2173 770 2233 luerit
807 2192 866 2233 non
903 2173 1028 2233 dicatur.
1081 2173 1178 2250 Atque
1210 2182 1333 2252 propter
1365 2174 1444 2235 hanc

266 2270 361 2348 ipsam
384 2286 503 2327 eausam
527 2270 617 2329 etiam
640 2269 696 2329 hcc
720 2288 812 2330 uersu
841 2272 1020 2349 scripturam
1048 2269 1233 2330 salsissimam
1258 2266 1401 2332 ‘todillus'
1418 2260 1444 2333 'a

267 2368 459 2445 grammatico
488 2364 586 2445 aliquo
616 2370 810 2447 excogitatam
844 2386 910 2428 esse
942 2386 1029 2429 neme
1058 2367 1184 2447 negabit
1230 2364 1309 2429 Haec
1341 2379 1442 2433 autem

267 2466 365 2525 omnia
394 2465 419 2523 si
447 2470 639 2544 reputantur,
668 2472 740 2525 tunc
771 2468 861 2525 etiam
889 2465 947 2527 hoc
977 2473 1011 2526 ut
1039 2464 1221 2526 concedatur
1251 2466 1314 2526 iore
1344 2485 1445 2548 spero,

267 2562 356 2623 huius
388 2580 495 2622 uersus
527 2563 692 2641 scripturae
724 2563 905 2625 differentias
940 2564 1039 2625 redire
1071 2562 1108 2623 ad
1139 2562 1303 2623 fabularum
1334 2564 1444 2626 Plauti-

268 2678 372 2721 narum
397 2662 604 2721 recensionem
627 2660 785 2744 duplicem,
808 2664 848 2723 ita
873 2665 960 2723 utin
983 2662 1160 2722 recensione
1184 2659 1207 2719 P
1231 2656 1388 2745 ‘crotillis'‚
1411 2666 1444 2724 in

268 2758 292 2819 Α
316 2753 449 2819 ‘todillis’
473 2758 565 2819 luisse
589 2766 738 2837 putemus.
808 2766 812 2771 '

357 2854 446 2916 Paulo
481 2855 566 2917 aliter
598 2876 648 2918 res
681 2876 712 2926 se
745 2858 835 2918 habet
868 2858 933 2919 dul.
957 2877 986 2919 u.
1009 2854 1085 2938 555,
1113 2874 1172 2935 quo
1200 2874 1292 2917 uersu
1319 2866 1445 2939 propter

272 2956 346 3017 duas
368 2954 433 3015 illas
461 2953 543 3014 Festi
569 2954 682 3033 glossas
708 2955 767 3017 huc
795 2956 967 3017 referendas
996 2954 1146 3035 duplicem
1174 2956 1322 3032 quondam
1354 2955 1445 3019 exsti·

273 3057 346 3115 tisse
370 3055 549 3132 scripturam
573 3053 795 3115 contendimus:
830 3057 910 3127 Quos
931 3058 961 3114 si
980 3054 1084 3129 Argus
1106 3058 1221 3126 suuet,
1245 3057 1299 3127 qui
1320 3060 1446 3117 oculeus

273 3158 351 3212 totus
376 3150 440 3227 fuit
465 3159 568 3228 atque:
596 3152 676 3223 Quos
700 3155 730 3212 si
750 3153 854 3227 Argus
876 3160 990 3227 suuet,
1018 3154 1073 3226 qui
1098 3154 1237 3211 oculatus
1264 3157 1343 3212 totus
1367 3152 1445 3227 fuit:

269 3267 344 3328 quac
369 3250 394 3308 si
418 3266 485 3309 cum
508 3246 567 3308 illis
590 3248 845 3331 comparabimus,
873 3267 947 3328 quas
969 3250 1066 3310 adhuc
1089 3250 1296 3329 tractauimus‚
1318 3269 1445 3329 prorsus

270 3346 355 3407 aliam
373 3348 452 3407 inter
474 3345 533 3407 duo
556 3346 650 3407 uerba
669 3351 792 3410 oculeus
814 3358 903 3427 atque
926 3352 1067 3410 oculatus
1089 3348 1235 3407 rationem
1257 3348 1445 3410 intercedere

268 3444 477 3524 intellegimus,
491 3451 579 3523 atque
594 3446 673 3505 inter
685 3450 892 3521 pruuustcllus
911 3451 941 3505 et
957 3448 1143 3526 rouistellus,
1162 3444 1284 3523 reliqua.
1315 3446 1447 3526 Apparet

249 3642 253 3648 ⁴
341 3636 367 3704 1)
385 3633 492 3689 Loewii
511 3634 546 3689 de
564 3635 619 3689 hoc
637 3652 721 3691 uersu
739 3635 906 3691 sententiam
925 3635 1044 3690 eundem
1062 3651 1121 3695 esse
1140 3634 1223 3689 uelde
1240 3634 1354 3704 gauisus
1367 3651 1444 3705 sum.
1470 3636 1474 3639 ’

270 3715 384 3770 Litteris
403 3714 477 3769 enim
496 3713 553 3769 illis
572 3713 629 3769 iem
648 3718 733 3771 antea
756 3714 981 3771 commemoratis
1004 3713 1126 3784 scripsit:
1153 3715 1257 3769 ‘Wenn
1273 3713 1350 3769 mich
1368 3714 1447 3770 einer

268 3796 368 3863 fregte,
387 3794 440 3849 wie
458 3793 505 3849 ich
524 3794 577 3849 den
595 3793 774 3851 Plautusvers
794 3795 929 3863 schriebe,
949 3811 980 3849 so
999 3794 1094 3848 warde
1112 3794 1159 3848 ich
1177 3793 1252 3849 mich
1271 3794 1315 3849 fiir

531 3891 595 3929 cum
614 3875 730 3930 extortis
747 3876 815 3930 talis
833 3893 897 3929 cum
916 3874 1031 3929 crotrllis
1052 3873 1187 3928 crusculis

269 3955 463 4024 entseheiden‚
488 3972 538 4009 aus
557 3954 718 4025 folgendem
737 3953 858 4011 Grande.
896 3954 947 4009 Die
971 3953 1058 4007 andre
1079 3952 1311 4025 Ueberlieierung
1332 3954 1446 4023 todinis,

268 4035 377 4091 todillis
397 4034 499 4105 kniipit
517 4051 553 4089 en
572 4033 617 4089 die
636 4035 697 4090 todi
716 4052 760 4091 an,
798 4035 891 4089 Wenn
914 4033 990 4088 diese
1008 4032 1149 4103 Vogelart
1172 4033 1375 4105 meinetwegen
1393 4034 1448 4089 mit

148 4172 152 4181 ,
269 4115 380 4169 dinnen
394 4114 499 4169 Beinen
517 4112 646 4167 wirklich
666 4113 778 4168 existirt
795 4115 855 4181 hut,
874 4130 905 4169 so
924 4114 1057 4168 erwsrtet
1075 4129 1140 4167 mun
1159 4112 1252 4167 daron
1269 4114 1373 4169 todinis
1392 4114 1446 4169 wie

268 4193 352 4248 Prisc.
371 4194 429 4249 het.
525 4192 591 4247 Nun
614 4191 706 4248 bietet
730 4194 798 4248 eber
816 4194 916 4248 Festus
935 4192 1041 4247 todillis
1060 4192 1116 4245 und
1135 4191 1185 4246 uui
1208 4191 1279 4248 -illis
1301 4194 1370 4264 geht
1395 4194 1447 4248 des

270 4273 402 4329 Adiectiv
428 4273 458 4327 in
482 4274 532 4328 der
554 4291 626 4345 ganz
650 4273 870 4329 abweichenden
893 4273 1026 4328 Variente
1054 4270 1172 4327 crotillis
1195 4274 1269 4327 auch
1292 4289 1349 4327 eus.
1389 4272 1446 4327 Da-

261 4354 339 4425 ¹nach
353 4351 487 4409 verwerFe
500 4353 548 4408 ich
561 4352 677 4409 todillis.
704 4354 773 4407 Was
787 4353 855 4407 aber
867 4352 984 4408 crotillis
998 4351 1156 4423 cigentlich
1170 4351 1311 4420 bedentet,
1330 4368 1446 4420 vermog

268 4434 315 4489 ich
333 4434 412 4491 nicht
430 4452 463 4487 zu
483 4434 589 4505 eugen?
1160 4467 1164 4473 -
