3192 5209
624 410 777 472 -213
828 447 863 457 -

161 570 269 631 latinae
293 571 409 650 linguae
433 572 538 633 iactam
562 590 628 632 esse
652 572 876 633 concedendum
898 582 958 655 est,
982 584 1015 637 ut
1039 578 1146 638 similia
1165 580 1334 640 inuenimus

162 671 192 729 in
223 678 345 751 gnotus,
376 678 498 751 gnatus,
525 670 597 730 aliis,
645 669 703 730 Sed
727 689 889 750 numquam
911 682 1031 751 praeter
1053 676 1126 737 illud
1150 691 1244 740 unum
1267 695 1334 736 uer-

161 766 233 826 bum
254 769 334 827 intra·
355 767 484 847 linguam
507 766 626 828 latinam
650 770 758 849 ipsam,
781 770 878 847 quoad
903 770 987 853 nobis
1016 782 1086 834 nota
1113 784 1172 856 est,
1201 768 1243 853 ‘g'
1266 781 1334 834 ante

161 859 200 923 ‘r'
229 868 385 927 euanuisse
415 866 559 926 uidemus.
605 865 703 936 Quare
736 866 809 927 baec
841 868 1017 949 explanandi
1048 874 1098 931 uia
1125 891 1185 932 non
1214 881 1259 933 est
1288 890 1334 931 se·

161 962 286 1042 quenda.
867 974 870 979 '

249 1061 310 1122 lam
337 1064 364 1122 si
392 1064 575 1142 quaerimuS,
607 1068 674 1122 utra
704 1064 853 1141 scriptura
880 1064 939 1126 Mil.
964 1063 1051 1129 1180
1078 1068 1182 1129 Plauto
1211 1072 1249 1129 sit
1276 1072 1330 1130 tri-

160 1159 288 1242 buenda,
311 1159 492 1221 Ritscbelius
516 1160 689 1248 quidemlet
711 1160 831 1221 Brixius
855 1160 1043 1226 Ambrosiani
1066 1170 1256 1247 sumpturam:
1286 1164 1331 1227 ‘td

160 1278 306 1319 conexum
333 1262 364 1319 in
393 1276 496 1320 nmero
525 1256 609 1317 laeuo
637 1258 813 1338 expapillato
842 1259 977 1322 brachio'
1009 1266 1040 1323 in
1069 1272 1184 1326 textum
1212 1285 1332 1345 recepe·

159 1366 239 1419 runt.
290 1356 398 1418 Contra
431 1375 518 1436 quam
555 1358 734 1434 scripturam
768 1355 798 1417 C.
822 1355 854 1418 F.
879 1357 923 1419 W.
946 1356 1142 1446 Muellerus¹)
1180 1382 1234 1425 suo
1265 1366 1332 1424 iure

156 1456 274 1533 profert
288 1457 329 1515 ita
348 1455 439 1516 scribi
457 1472 516 1514 non
535 1452 626 1513 licere
644 1454 773 1531 primum
792 1463 916 1533 propter
930 1457 1044 1520 hiatum
1058 1462 1210 1536 uitiosum,
1225 1460 1331 1521 deinde

156 1561 282 1631 propter
306 1560 473 1632 correptam
497 1553 614 1611 tertiam
643 1553 727 1635 uocis
751 1547 968 1632 ‘expapillatus'
997 1556 1150 1638 syllabam,
1179 1565 1331 1637 postremo

157 1648 236 1728 quod
252 1650 447 1728 expapillandi
460 1651 556 1710 notio:
567 1644 715 1727 ‘papillam
726 1649 889 1713 denudare'
899 1654 956 1714 hoc
972 1654 1133 1716 uerborum
1143 1675 1221 1717 nexu
1231 1658 1331 1735 inepta

156 1752 205 1830 sit,
224 1766 292 1808 cum
311 1749 403 1810 dicat:
427 1744 516 1809 ‘dann
535 1747 648 1807 reichta
668 1748 745 1808 wohl
763 1750 813 1810 bei
831 1751 889 1811 den
906 1752 1037 1812 Romern
1056 1753 1110 1814 der
1123 1756 1194 1814 Arm
1214 1754 1259 1814 bis
1278 1774 1332 1815 zur

156 1842 380 1908 Brustwarzei'
405 1845 520 1918 Quibus
538 1846 574 1906 de
593 1848 691 1907 causis
709 1846 789 1907 aliud
809 1849 935 1910 uerbum
956 1851 1060 1911 eodem
1079 1851 1256 1932 syllabarum
1275 1871 1329 1912 nu·

157 1962 249 2027 mero,
273 1948 358 2007 cuius
378 1954 476 2007 tamen
495 1943 625 2005 secunda
644 1944 730 2025 longa
745 1947 845 2027 luerit,
859 1946 916 2007 boc
930 1947 996 2009 loco
1015 1968 1090 2010 uoce
1111 1945 1330 2029 ‘expapillatus'

156 2062 173 2103 θ
188 2051 272 2103 textu
287 2043 441 2123 expulsum
457 2062 523 2104 esse
537 2051 630 2123 putat.
653 2043 749 2121 Atque
765 2062 840 2122 quae
858 2047 959 2123 priora
978 2056 1151 2127 argumenta
1169 2048 1330 2109 Muellerus

156 2142 242 2201 aliert
260 2158 330 2201 sane
350 2143 420 2201 satis
439 2142 542 2220 grauia
562 2147 645 2221 sunt3
668 2142 692 2201 si
713 2148 816 2220 autem·
836 2147 957 2204 sensuni
973 2145 1063 2205 huius
1087 2147 1170 2205 uocis
1189 2145 1245 2205 boc
1264 2145 1329 2205 loco

155 2232 290 2317 ineptum
314 2238 398 2321 dicit,
425 2238 482 2298 hoc
510 2238 634 2298 fortasse
663 2240 761 2299 minus
785 2247 867 2300 recte
895 2240 1098 2322 contenderit3
1128 2242 1164 2303 cf.
1188 2260 1328 2320 graecum

156 2330 323 2417 ἕξωμίζειν
342 2336 419 2415 apud
438 2335 664 2415 Aristophanem
678 2334 756 2397 Eccl.
772 2334 850 2398 267:
878 2331 1108 2419 εε’ξωμκῖθὲσθιις
1130 2332 1193 2400 τὸν
1215 2335 1330 2420 ἕτερον
1424 2421 1426 2424 ¹

155 2430 344 2515 pipugtoru'3
359 2452 536 2515 quamquam
546 2452 606 2494 non
617 2428 646 2492 ‘a
659 2432 779 2495 brachio
794 2453 890 2514 usque
902 2436 937 2496 ad
948 2433 1118 2497 bumernm'
1133 2438 1185 2497 sed
1197 2433 1329 2498 ‘brachio

157 2541 246 2611 atque
260 2532 385 2593 humero
401 2528 569 2593 denudatis’
583 2532 683 2593 dicere
698 2531 771 2592 uult.
794 2532 904 2593 Verum
919 2533 1110 2595 nihilomiuus
1124 2535 1195 2595 mibi
1210 2552 1329 2613 quoque

154 2639 278 2710 propter
297 2630 356 2691 dno
375 2631 424 2691 illa
439 2639 611 2711 argumenta
626 2648 642 2689 a
658 2629 801 2691 Muellcro
818 2629 903 2690 allata
920 2631 990 2692 huic
1007 2635 1110 2692 uersui
1129 2631 1177 2692 illa
1198 2651 1257 2693 uox
1276 2633 1328 2692 tii-

154 2728 272 2790 buenda
291 2747 350 2790 non
371 2729 490 2789 uidetur
507 2746 581 2789 esse.
629 2727 686 2787 Sed
702 2727 865 2789 doctissimi
884 2729 927 2789 illi
946 2729 1076 2792 editores
1090 2730 1186 2792 Plauti
1200 2749 1254 2791 cur
1269 2749 1329 2790 non

154 2826 190 2886 ad
212 2826 334 2887 alteram
353 2845 459 2887 uocem
479 2826 618 2887 hocloco
642 2844 658 2884 a
683 2828 792 2885 ceteris
812 2826 965 2888 codicibus
987 2838 1135 2889 seruatam
1155 2829 1329 2907 refugerint,

155 2923 368 3002 quaerentibus
392 2942 480 2985 causa
503 2923 573 2983 inde
596 2922 757 3001 repetenda
781 2933 839 3004 est,
870 2925 948 3003 quod
977 2928 1048 3005 quid
1076 2926 1124 2986 illa
1151 2945 1211 2986 uox
1239 2928 1329 3004 signi·

154 3022 258 3081 liceret
286 3022 334 3082 uel
362 3041 433 3082 num
463 3023 582 3082 omnino
611 3023 642 3079 in
670 3019 770 3098 lingua
798 3020 888 3082 latina
916 3026 1070 3105 existeret,
1099 3024 1223 3084 dubium
1246 3025 1328 3084 uide·
1365 3071 1369 3077 .

152 3118 242 3179 batur
271 3138 345 3181 esse.
391 3118 493 3199 Neque
523 3120 601 3179 enim
632 3125 682 3179 aut
709 3114 915 3204 Turnebus2),
943 3125 995 3202 qui
1021 3118 1223 3184 ‘exfafilatum’
1252 3140 1327 3183 uoce

156 3236 172 3277 a
191 3216 282 3277 Paulo
302 3217 465 3279 abiudicata
484 3216 633 3277 exfilatum
658 3215 790 3277 scribere
809 3218 884 3300 uult,
907 3228 958 3280 ant
980 3214 1148 3305 Vossius³)‚
1173 3223 1224 3299 qui
1247 3216 1327 3279 ‘eiia-

154 3311 279 3376 iilatum'
300 3318 498 3397 compositum
518 3332 583 3375 esse
603 3313 675 3374 dicit
694 3332 730 3373 ex
748 3317 1018 3396 praepositionibus
1037 3314 1096 3379 ‘ex'
1116 3327 1146 3380 et
1162 3313 1222 3378 ‘ad'
1237 3325 1327 3397 atque

153 3411 248 3472 uerbo
273 3409 387 3496 ‘filare',
416 3414 576 3493 quidquam
600 3411 803 3493 proiecerunt,
830 3432 863 3473 ac
897 3414 1047 3496 boemus,
1085 3418 1136 3495 qui
1168 3434 1223 3494 pro
1250 3434 1326 3476 uoce

156 3504 335 3571 ‘eiiafilatus’
350 3510 541 3573 scribendum
556 3527 622 3569 esse
637 3515 722 3587 putat
736 3505 949 3593 ‘aninsulatus',
969 3513 1048 3593 quod
1067 3514 1123 3574 alio
1143 3512 1208 3574 loco
1223 3513 1326 3573 eadem

158 3608 373 3686 significatione
403 3609 480 3689 apud
503 3606 628 3668 Paulum
650 3607 818 3688 inuenitur,
851 3611 907 3669 etsi
930 3610 985 3670 hac
1008 3613 1180 3673 coniectura
1203 3628 1327 3672 uersum

153 3708 278 3786 sanauit,
293 3714 391 3767 tamen
413 3724 487 3786 quae
507 3722 601 3764 nouae
621 3703 689 3763 inde
712 3713 872 3766 orerentur
893 3707 1082 3770 difficultates
1103 3728 1135 3769 se
1157 3727 1216 3768 non
1237 3727 1326 3788 posse

155 3802 272 3864 soluere
300 3807 365 3884 ipsa
395 3805 550 3865 confessus
579 3795 661 3884 est4)
708 3801 821 3863 Lucem
847 3804 918 3865 huic
946 3805 1040 3867 uerbo
1070 3806 1243 3869 difficillimo
1265 3808 1325 3886 pri-

158 3919 226 3961 mus
241 3902 339 3963 attulit
354 3894 597 3983 Buechelerus⁵)‚
621 3902 673 3979 qui
696 3910 864 3979 comparata
882 3901 998 3963 tabulae
1016 3903 1159 3982 lguuinae
1177 3904 1324 3965 secundae

153 4015 230 4057 uoce
254 3998 383 4074 refusius
406 4002 436 4059 in
466 4018 510 4059 ea
523 3997 647 4057 eandem
670 4014 758 4075 quam
781 4001 813 4081 in
835 3998 971 4061 Plautina
994 4001 1203 4077 ef-fos-r‘ttotus
1225 4004 1323 4061 inesse

153 4096 284 4157 radicem
308 4097 391 4158 uidit.
437 4098 512 4158 lllud
536 4104 635 4157 autem
654 4091 797 4157 ‘suialias'
816 4105 932 4158 constat
949 4116 986 4158 ex
1006 4094 1085 4159 ‘sub'
1104 4102 1323 4178 praepositione

71 4208 74 4216 '
152 4200 183 4255 et
206 4193 307 4255 radice
330 4189 402 4270 ‘falfi
427 4213 501 4274 quae
526 4190 688 4281 ‘notionem
711 4193 854 4273 ligaturae
878 4197 1023 4274 originem
1042 4197 1168 4257 fortasse
1186 4195 1323 4278 πείσμα-

222 4414 250 4480 l)
267 4410 388 4465 Plaulin.
408 4410 484 4466 Pros.
503 4429 530 4482 p.
550 4418 610 4467 264,
635 4443 668 4452 -
697 4416 723 4483 2)
743 4411 859 4468 Aduers.
882 4414 965 4470 1115.
990 4444 1022 4452 —
1051 4415 1078 4482 3)
1099 4412 1220 4483 Etymol.
1241 4411 1320 4482 214¹),
1357 4413 1361 4417 ’

149 4496 203 4547 368
223 4508 263 4561 sq.
283 4520 317 4531 -
336 4492 363 4560 4)
383 4483 526 4547 Prodrom.
547 4498 608 4549 nto.
627 4524 661 4533 —-
681 4494 708 4563 ὃ)
727 4492 873 4565 Interpret.
891 4494 948 4550 tao.
967 4492 1046 4566 lgnn.
1067 4512 1114 4565 pp,
1134 4500 1177 4550 26.
1196 4500 1239 4550 27.
