3192 5209
773 452 811 461 —
858 416 1008 481 228-

305 578 403 650 Quare
427 582 515 639 etiam
533 577 621 639 Festo
641 578 806 658 Verrioque
823 577 930 639 Flacco
953 576 1025 637 haec
1048 577 1137 638 huius
1157 596 1265 638 uersus
1289 578 1383 638 torma
1405 586 1480 637 nota

305 677 397 737 fuisse
421 670 581 758 uidetur.¹)

392 773 452 834 lam
477 776 502 833 si
525 776 696 853 quaerimus
721 792 737 833 e
761 773 841 852 quah
864 773 966 833 codice
989 772 1020 833 hi
1043 773 1101 833 loci
1124 773 1246 834 meliore
1274 791 1362 851 quam
1391 771 1480 833 codd.

304 873 414 931 nostris
438 872 514 950 apud
536 871 657 933 Festum
676 880 827 932 exstantes
846 874 993 950 scriptura
1012 874 1123 951 sumpti
1142 874 1211 951 sint,
1229 873 1359 949 primum
1378 870 1480 931 elucet

304 987 341 1028 ex
365 970 407 1027 eis
431 968 512 1028 nullo
538 969 624 1028 modo
648 970 788 1047 cognosci
810 986 898 1047 posse
928 971 989 1030 utri
1017 969 1185 1029 recensioni
1208 986 1278 1027 eum
1301 965 1479 1027 tribuamus.

304 1066 434 1145 Apparet
457 1068 536 1125 enim
560 1066 647 1126 falsas
671 1084 775 1126 eorum
798 1082 942 1126 uersuum
966 1068 1139 1146 scripturas,
1163 1082 1238 1142 quae
1261 1063 1346 1124 codd.
1365 1064 1479 1122 nostris

294 1162 494 1245 exhihentur,
518 1172 569 1225 aut
592 1164 741 1225 scribendi
764 1162 918 1223 erroribus
940 1170 975 1223 ut
997 1162 1081 1241 Epid.
1102 1159 1152 1241 10,
1174 1162 1251 1221 Men.
1270 1158 1345 1240 201,
1367 1158 1478 1219 Pseud.

302 1258 366 1321 301
401 1271 452 1321 aut
483 1260 667 1339 glossematis
698 1264 728 1321 in
756 1268 871 1327 textum
900 1260 988 1321 illatis
1021 1269 1055 1323 ut
1082 1259 1170 1320 Truc.
1194 1256 1272 1338 213,
1305 1252 1477 1317 ’1111243

305 1366 388 1418 natas
412 1376 487 1420 esse.
523 1357 604 1419 Festi
622 1360 713 1437 igitur
733 1360 898 1437 scripturae
918 1361 982 1419 siue
1006 1376 1043 1418 ex
1061 1358 1260 1435 grammaticis
1279 1356 1476 1431 transcriptae

302 1463 373 1515 sunt
396 1458 460 1516 siue
483 1474 518 1517 ex
538 1458 611 1535 ipsis
629 1455 782 1516 codicibus
802 1455 953 1535 collectae,
975 1454 1010 1515 ad
1027 1454 1145 1515 codices
1163 1453 1299 1530 redeunt,
1319 1454 1370 1531 qui
1388 1450 1478 1514 liberi

297 1552 425 1613 'fuerunt
448 1555 530 1615 uitiis
555 1552 740 1634 quibusdam,
764 1552 873 1631 quibus
896 1553 920 1612 Α
944 1561 974 1612 et
996 1552 1019 1613 P
1041 1554 1145 1612 infecti
1168 1559 1247 1612 sunt.
1293 1548 1374 1620 Quae
1398 1551 1476 1609 ratio

302 1668 363 1710 non
399 1650 551 1731 prohihet,
588 1652 747 1729 quominus
784 1653 907 1730 propius
944 1650 980 1710 ad
1008 1649 1232 1710 Ambrosianam
1270 1648 1477 1707 recensionem

304 1747 446 1807 accedere
469 1750 500 1807 in
524 1748 700 1808 uniuersum
724 1746 817 1807 uerba
839 1747 959 1807 Festina
981 1755 1155 1808 statuamus.

285 1834 287 1839 ’
390 1842 519 1905 Dubium
539 1854 584 1905 est
602 1852 704 1905 utrum
723 1846 868 1905 intereos
886 1844 968 1905 locos
987 1843 1096 1923 quibus
1114 1851 1218 1904 contra
1236 1843 1260 1902 Α
1275 1842 1343 1903 etP
1361 1852 1476 1903 rectam

301 1940 408 2001 Festus
437 1940 556 2001 exhibet
584 1942 762 2019 scripturam
789 1940 897 2003 Pseud.
924 1938 1009 2003 1252
1036 1940 1212 2002 referendus
1240 1942 1291 2020 sit,
1322 1940 1357 1999 ad
1386 1958 1476 2018 quem

299 2037 381 2098 Paul.
403 2034 466 2098 126
486 2056 561 2115 quae
580 2039 733 2098 inuenitur
752 2038 848 2116 glossa
868 2047 994 2118 spectat:
1018 2039 1163 2099 Madulsu
1181 2039 1293 2113 ebrius,
1313 2057 1333 2099 u
1354 2039 1476 2100 Gracco

299 2132 410 2215 μαὸᾶν
454 2138 625 2210 deductum,
653 2138 704 2195 uel
743 2140 817 2209 qula
852 2140 993 2198 madidus
1028 2139 1103 2197 sutis
1135 2154 1155 2196 u
1186 2138 1267 2197 uino.
1312 2135 1348 2196 P:
1377 2138 1477 2197 habco

301 2236 480 2313 mudulsum,
503 2232 540 2293 A:
562 2232 787 2295 nonanus.
824 2234 920 2313 Atque
944 2237 969 2295 si
991 2236 1023 2293 in
1046 2252 1120 2294 uoce
1139 2236 1279 2294 medulco
1297 2252 1366 2294 eum
1384 2252 1476 2312 quern

298 2330 409 2391 Paulus
429 2329 493 2391 uult
513 2348 633 2391 sensum
657 2332 755 2391 inesse
778 2340 927 2412 putamus,
950 2340 1021 2392 tunc
1045 2332 1111 2391 ficri
1133 2348 1193 2391 nou
1216 2339 1323 2412 potest,
1346 2340 1381 2393 ut
1403 2350 1474 2392 cum

299 2427 479 2507 Plegamus
510 2430 607 2489 babeo
639 2430 822 2504 mudulsum,
851 2429 903 2489 sed
926 2448 1016 2507 quam
1037 2428 1155 2508 Lipsius
1183 2424 1371 2508 proposuit¹l
1399 2430 1473 2489 scri-

298 2534 432 2605 pturam:
466 2529 542 2587 ubeo
568 2528 708 2587 medulco
737 2544 806 2587 cum
829 2526 991 2587 llitschelio
1015 2523 1219 2605 Lorenzioqrie
1248 2525 1475 2606 praeferendam

301 2642 367 2683 esse
400 2622 579 2701 putabimus.
625 2624 720 2702 Atque
754 2622 841 2684 talem
878 2623 1037 2684 lectionem
1070 2642 1135 2686 eam
1172 2624 1278 2704 luisse,
1314 2623 1351 2683 ad
1383 2641 1474 2701 quam

298 2719 381 2781 Pauli
405 2721 502 2798 glossa
526 2728 649 2802 spectat,
664 2740 700 2781 ex
723 2721 918 2801 explicatione
937 2721 1035 2781 addita
1053 2730 1184 2801 apparet.
1224 2719 1354 2782 Dubium
1371 2728 1474 2781 autem

299 2824 354 2898 est,
378 2827 480 2878 utrum
494 2818 707 2879 Ambrosianus
730 2838 798 2881 cum
821 2819 970 2894 Pxialsam
993 2838 1032 2879 an
1054 2837 1123 2879 cum
1142 2818 1233 2879 Paulo
1257 2825 1369 2880 rectam
1386 2835 1473 2897 prae-

300 2913 400 2975 buerit
422 2917 609 2995 scripturam.

388 3011 491 3073 Restat
513 3032 592 3074 unus
615 3013 699 3074 locus
724 3013 815 3103 Stich.
836 3011 889 3094 91,
912 3016 964 3093 qui
987 3032 1032 3093 ap.
1052 3012 1130 3075 Fest.
1154 3032 1182 3092 p.
1205 3010 1266 3073 197
1291 3010 1473 3072 110111-

299 3108 365 3169 lana
387 3128 487 3188 pugna
510 3129 547 3171 ex
570 3110 744 3171 Neruolaria
767 3112 811 3171 sic
834 3112 972 3172 affertur:
1007 3113 1148 3173 Osculum
1173 3117 1223 3171 sat
1245 3115 1291 3170 cst
1311 3110 1387 3168 mihi
1408 3154 1415 3167 .
1435 3154 1472 3167 ..

371 3290 395 3359 1)
415 3286 489 3344 Data
512 3290 566 3345 hac
594 3290 740 3345 occasione
767 3289 871 3345 cantici
901 3291 1043 3360 sequentis
1066 3310 1092 3345 u.
1117 3295 1170 3345 280
1193 3288 1333 3358 quomodo
1356 3287 1472 3342 restitui

298 3386 380 3441 posse
408 3371 505 3440 putem
533 3386 680 3441 exponam.
721 3370 748 3424 ls
777 3370 852 3438 enim
879 3370 909 3425 in
937 3370 1065 3427 omnibus
1092 3368 1171 3423 libris
1193 3370 1268 3438 (AP)
1296 3368 1401 3438 pariter
1429 3368 1472 3423 sic

297 3450 429 3505 traditur:
454 3456 562 3519 putrem
591 3456 669 3506 tuum
700 3452 726 3505 sl
752 3452 872 3520 percoles
899 3467 952 3519 per
979 3452 1114 3520 pietatem.
1165 3448 1210 3502 Ad
1241 3465 1325 3519 quem
1356 3466 1471 3503 uersum

297 3530 502 3585 restituendum
540 3534 570 3585 et
601 3531 806 3601 explanandum
837 3530 931 3585 uarias
963 3529 1084 3583 editores
1115 3527 1239 3584 rabones
1274 3528 1364 3583 secuti
1396 3531 1471 3585 sunt.

297 3610 372 3666 Nam
405 3609 498 3667 locum
530 3614 691 3679 corruptum
724 3626 783 3665 esse
816 3609 958 3679 plerisque
989 3607 1144 3662 editoribus
1171 3608 1309 3664 assentior
1332 3624 1423 3677 neque
1450 3626 1471 3663 a

295 3689 397 3759 Ennii,
420 3688 538 3758 Orainii,
563 3689 708 3744 Redslobii
726 3687 887 3759 (Symbolon
912 3687 1026 3743 criticae
1053 3687 1090 3741 ad
1114 3687 1208 3742 Plauti
1229 3687 1346 3743 fabulas.
1384 3686 1471 3756 Gym-

298 3770 552 3840 nasialprogramm
574 3769 700 3823 Weimar
724 3774 806 3836 1819,
834 3787 861 3838 p.
882 3773 923 3822 10.
949 3770 992 3835 11)
1020 3769 1097 3821 stare
1124 3784 1252 3836 possum,
1280 3766 1328 3836 qui
1355 3782 1471 3820 uersum

180 3868 182 3873 ¹
295 3848 354 3920 ita,
386 3852 419 3904 11
451 3849 561 3905 codices
594 3849 725 3904 exhibent
759 3849 937 3917 scripserunt.
983 3847 1164 3916 Reliquorum
1195 3846 1321 3917 plerique
1353 3848 1472 3916 propter

295 3947 340 3984 uu.
369 3935 429 3985 279.
458 3936 509 3984 281
548 3946 660 3983 uersum
692 3927 827 3983 creticum
844 3928 1001 3996 ‘restituere
1028 3927 1122 3983 conati
1145 3930 1217 3983 sunt.
1267 3925 1339 3980 Mihi
1356 3926 1472 3982 uidetur

295 4027 329 4063 ex
358 4010 486 4063 codicum
513 4009 636 4063 omnium
664 4006 805 4063 communi
837 4006 971 4063 lectione:
1004 4008 1128 4063 ‘Patrem
1160 4010 1239 4063 tuom
1272 4006 1296 4059 si
1328 4008 1467 4077 percoles'

294 4104 390 4143 uersus
423 4088 559 4143 iambicus
587 4087 716 4155 indicari,
749 4102 847 4141 uersus
875 4088 971 4141 autem
998 4087 1154 4143 mutatione
1180 4084 1324 4141 leuissima
1345 4086 1386 4141 sic
1414 4087 1471 4143 ior-

293 4167 369 4220 tasse
388 4165 575 4221 restituendus
594 4183 669 4222 esse:
694 4162 807 4219 Putrem
825 4170 899 4219 tuom
916 4168 943 4220 si
959 4168 1079 4237 percoles
1096 4168 1142 4236 pie
1159 4183 1212 4237 per
1230 4167 1466 4237 aetutemstuuml.

294 4244 348 4311 Qui
375 4262 472 4300 uersus
498 4262 555 4299 non
583 4246 673 4300 solum
702 4245 794 4300 sensui
823 4244 929 4315 optime
961 4247 1188 4303 accommodatus
1216 4248 1272 4313 est,
1303 4247 1353 4301 sed
1381 4246 1471 4301 etiam

294 4324 431 4395 optimam
463 4326 617 4381 metrorum
649 4324 868 4380 concinnitatem
900 4320 990 4382 affert
1035 4327 1180 4382 Habemus
1212 4325 1286 4381 enim
1313 4343 1384 4381 uers.
1414 4332 1470 4381 2⁷9

294 4404 361 4459 dim.
381 4406 461 4471 eret,
489 4411 541 4461 280
565 4407 618 4460 oct.
637 4404 736 4475 lamb,
763 4411 814 4461 281
840 4406 905 4461 dim.
926 4408 1005 4476 eret,
1033 4413 1085 4462 282
1109 4407 1163 4464 oct.
1182 4406 1266 4461 iamb.
1291 4436 1324 4446 -—
1353 4408 1382 4477 2)
1400 4405 1471 4467 Ant,

292 4484 355 4541 lect
375 4485 409 4557 V,
429 4491 453 4540 9.
1142 4495 1146 4499 ”
