3192 5209
638 398 875 461 -247-

167 568 243 623 tium
260 566 387 625 Plautus
400 568 431 624 in
441 562 665 638 Bacchinibus
676 564 793 621 rettulit
801 559 875 636 [pra
885 565 975 621 stulta
985 579 1073 635 quom
1083 564 1141 620 ait:
1161 561 1193 619 Is
1206 559 1344 635 stuJJtior

166 670 214 723 est
237 663 372 722 barbaro
395 660 545 738 [Petilio]
568 663 641 720 satis
664 676 771 737 magno
795 656 998 735 exemplorum
1018 676 1142 718 numero
1162 656 1258 736 allato,
1277 658 1341 734 qni-

165 756 225 817 bns
249 760 399 819 referendi
422 760 549 819 uerbum
572 759 603 817 in
627 756 789 817 allerendis
808 753 935 814 testibus
954 774 1010 816 usu
1032 758 1123 816 uenit.
1154 756 1250 835 Atque
1269 753 1342 814 mihi

106 902 115 917 .
166 855 253 915 ualde
288 855 361 916 haee
394 856 560 916 emendatio
599 853 833 915 connnendatur.
879 851 973 922 Quam
999 855 1025 912 si
1052 852 1226 932 probamus,
1253 854 1342 912 etiam

164 952 198 1010 id
218 962 349 1034 apparet,
369 972 444 1032 qnae
468 953 544 1033 apud
561 952 681 1012 Festum
711 959 829 1011 exstent
856 949 955 1008 redire
983 949 1018 1009 ad
1034 968 1068 1009 ea
1095 969 1171 1028 quae
1198 953 1228 1010 in
1257 950 1341 1010 codd.

164 1060 253 1110 sunt:
278 1045 309 1130 ‘i,
331 1055 453 1111 stultior
476 1046 518 1111 es’
543 1069 569 1110 e.
584 1068 611 1129 q.
627 1069 649 1109 s.
673 1046 822 1108 Facillime
846 1047 927 1105 enim
950 1055 1106 1125 postquam
1129 1066 1165 1106 ex
1189 1052 1201 1108 i
1221 1053 1343 1109 stultior

164 1145 279 1206 lactum
305 1157 351 1207 est
374 1152 399 1208 is
422 1152 552 1227 stultior,
575 1146 655 1225 qnod
675 1148 762 1205 etiam
781 1147 813 1204 in
832 1143 884 1203 Cn
904 1143 1056 1224 habemus,
1079 1146 1168 1204 etiam
1191 1165 1223 1205 es
1245 1149 1276 1205 in
1298 1155 1341 1207 est

164 1246 279 1302 mutari
302 1249 407 1324 potnit.
456 1245 553 1314 Quare
579 1252 659 1303 recta
683 1260 752 1303 cum
776 1240 929 1301 codicibus
952 1240 1097 1301 Plautinis
1120 1242 1197 1321 apud
1221 1241 1341 1303 Festum

165 1342 242 1418 quin
267 1344 414 1402 exstiterit
442 1345 590 1421 scriptura
618 1344 737 1400 stultior
765 1359 796 1400 es
826 1358 883 1399 non
912 1337 1024 1399 dubito.
1070 1339 1131 1399 lam
1152 1358 1231 1427 uero
1260 1340 1342 1401 Pauli

167 1440 341 1499 testimonio
370 1434 412 1519 (p.
441 1434 521 1521 216)
550 1440 686 1498 lirunatnr
713 1438 790 1515 apud
819 1436 939 1495 Festum
968 1439 1117 1497 exstitisse
1146 1440 1260 1498 Putitio
1287 1455 1341 1516 pro

169 1552 231 1612 quo
255 1535 339 1594 codd.
363 1536 504 1596 exhibent
529 1537 653 1595 Poticio.
678 1533 876 1594 Nihilominus
900 1552 933 1592 ea
953 1552 1028 1613 quae
1048 1534 1166 1594 additur
1185 1536 1342 1614 explicatio

167 1632 205 1691 ad
230 1634 356 1693 Potitios
380 1643 503 1712 spectat.
548 1634 651 1712 Neque
676 1643 773 1693 tarnen
797 1631 857 1690 ullo
886 1631 950 1690 loco
977 1631 1034 1691 hoc
1057 1634 1176 1691 nomine
1199 1632 1278 1692 illam
1303 1634 1343 1693 l'a·

166 1729 279 1789 miliam
295 1744 553 1793 commemoratam
569 1734 747 1791 inuenirnus.
775 1727 874 1798 Quare
888 1731 913 1787 si
928 1729 1091 1789 seeundum
1110 1730 1190 1791 Festi
1204 1732 1343 1809 exempli·

167 1828 336 1888 ficationem
370 1830 565 1909 codicemque
599 1831 777 1906 scripturam
811 1826 901 1886 huius
930 1827 1054 1887 familiae
1082 1832 1263 1889 mentionem
1286 1833 1343 1889 hoc

168 1944 262 1985 uersu
286 1926 350 1985 lieri
373 1936 521 2008 putamus,
546 1927 616 1987 lalsa
640 1936 686 1986 est
705 1926 961 2003 Festiscriptura.
991 1925 1048 1984 Sed
1068 1928 1222 2004 quaeritur
1241 1936 1342 1987 riuum

168 2025 291 2083 omnino
316 2023 353 2083 de
377 2023 424 2084 illa
449 2025 556 2085 lamilia
581 2026 637 2085 hoe
661 2024 726 2084 loco
750 2032 861 2101 agatur.
888 2024 984 2100 Atque
1014 2023 1086 2083 mihi
1109 2024 1228 2101 quidem
1257 2024 1343 2085 ualde

169 2120 294 2180 dubium
317 2121 347 2181 id
368 2121 496 2183 uidetur.
520 2121 643 2182 Plautus
662 2124 740 2181 enim
765 2123 790 2179 si
814 2121 961 2197 tetigisset
978 2120 1007 2179 id
1026 2120 1105 2197 qnod
1124 2121 1201 2200 apud
1220 2122 1343 2182 Festum

169 2228 432 2278 commemoratum
461 2228 521 2301 est,
551 2238 649 2279 nonne
680 2217 829 2297 putandus
857 2227 903 2276 est
931 2217 1066 2277 dicturus
1099 2219 1190 2278 luisse
1222 2222 1343 2280 stultior

170 2336 202 2377 es
231 2319 375 2377 barbaris
402 2320 548 2379 Potiaiis?
593 2319 689 2397 Atque
714 2327 868 2395 praeterea
895 2314 1017 2374 ollendit
1040 2314 1166 2374 uerbum
1189 2319 1344 2377 barbarus

169 2414 227 2473 hoc
251 2432 342 2477 uersu
366 2432 456 2474 sensu
480 2432 605 2494 prorsus
628 2414 684 2475 alio
704 2422 881 2492 usurpatum
899 2428 965 2470 esse
985 2421 1073 2491 atque
1092 2432 1121 2474 u.
1145 2411 1215 2474 121.
1239 2414 1342 2493 Neque

170 2520 269 2571 tamen
288 2528 363 2588 qnae
383 2511 523 2572 hocloco
542 2514 708 2572 ollerantur
727 2509 925 2589 dillieultates,
948 2510 1096 2588 quomodo
1115 2511 1214 2570 tollam
1238 2511 1342 2572 habeo.

170 2606 269 2677 Quare
297 2610 327 2667 in
356 2607 446 2668 dubio
479 2609 673 2687 relinquenda
697 2618 742 2669 est
770 2609 842 2667 hacc
870 2625 933 2686 res,
961 2607 1031 2667 dum
1061 2610 1186 2669 lortasse
1224 2609 1342 2670 aliunde

169 2704 221 2765 lux
236 2707 384 2767 alleratnr.
397 2740 435 2748 -
448 2707 535 2769 Cure.
543 2705 617 2788 444,
627 2708 705 2767 Fest.
715 2726 744 2787 p.
758 2704 825 2773 214
832 2706 994 2765 Perediam
1008 2713 1039 2764 et
1055 2708 1201 2766 bibesiam
1216 2710 1343 2768 Plautus

166 2806 261 2876 finxit
283 2822 340 2863 sua
363 2808 581 2866 camaetudiae
604 2823 629 2866 e.
640 2824 668 2884 q.
678 2824 701 2865 s.
742 2803 775 2864 B.
794 2805 910 2878 perreh
933 2806 1015 2863 diam
1039 2812 1070 2863 et
1096 2824 1156 2881 per
1179 2807 1342 2867 heblesiam

170 2900 304 2981 exhibet,
332 2920 408 2979 qnae
436 2920 612 2981 quamquam
642 2905 713 2963 satis
746 2909 817 2961 sunt
848 2900 1021 2980 deprauata,
1052 2910 1149 2962 tamen
1183 2907 1342 2981 genuinam

170 2997 259 3058 huius
284 3017 391 3059 uersus
415 3002 606 3080 scripturam,
630 3018 704 3078 quae
729 3008 775 3059 est
797 2998 875 3077 apud
900 2998 1066 3079 Goetziam,
1089 3000 1232 3061 indicant:
1254 3051 1260 3063 .
1280 3051 1286 3062 .
1307 3051 1313 3061 .
1337 3049 1344 3063 .

171 3099 333 3158 Perediam
356 3106 386 3158 et
409 3100 622 3159 Perbibesiam.
659 3130 695 3141 -
726 3096 811 3175 Epid.
836 3093 911 3178 333,
933 3096 1014 3156 Paul.
1044 3095 1108 3157 125
1135 3099 1342 3159 Marrieidum

171 3198 316 3269 ipnauum
329 3200 460 3255 stultam.
485 3198 626 3257 Plautus:
646 3196 820 3255 Murrieide
838 3196 933 3269 homo,
949 3194 970 3269 [
968 3198 1080 3268 ianuae
1094 3196 1195 3272 iners]
1199 3217 1211 3267 ;
1230 3201 1343 3271 ipnaue

170 3296 253 3352 iners
272 3293 515 3371 enimglossema
534 3312 599 3353 esse
619 3300 747 3371 apparet.
768 3290 851 3352 Libri
874 3300 969 3352 recte:
1000 3294 1145 3354 muricide
1178 3296 1274 3355 homo.
1301 3328 1337 3337 -

170 3389 246 3450 lllen.
269 3388 348 3470 527,
384 3391 461 3451 Fest.
485 3389 550 3451 333
574 3410 596 3451 s.
622 3410 651 3451 u.
675 3389 830 3468 Spinther:
862 3436 975 3449 .....
996 3389 1054 3465 Iu[
1053 3394 1183 3466 beasque
1205 3396 1342 3469 spinther

171 3488 300 3563 nouam]
318 3493 581 3550 reconcinnarier.
605 3489 637 3570 B,
656 3489 840 3548 Priscianus:
862 3491 987 3563 spinter,
1006 3487 1057 3546 Cl]
1076 3493 1221 3565 spinther.
1245 3491 1341 3569 Atque

172 3586 207 3643 de
230 3585 277 3645 his
300 3587 419 3663 quidem
443 3587 539 3649 tribus
558 3588 631 3648 locis
650 3606 708 3646 una
728 3584 859 3645 iudicare
877 3585 955 3645 licet.
988 3584 1122 3646 Primum
1142 3590 1232 3665 igitur
1252 3587 1341 3648 salsae

172 3682 277 3742 horum
305 3701 447 3742 uersuum
477 3688 658 3766 scripturae,
684 3703 759 3765 quas
787 3684 864 3763 apud
896 3684 1018 3743 Festum
1047 3684 1230 3764 Paulumque
1260 3688 1340 3745 inne-

171 3781 268 3839 nimus
291 3799 350 3839 raon
373 3780 560 3841 librariorum
585 3785 714 3860 peccatis
734 3793 853 3841 exortae
873 3799 939 3839 esse
962 3780 1013 3838 sed
1033 3782 1069 3841 ad
1089 3786 1186 3862 ipsam
1207 3783 1341 3844 Verrium

172 3875 307 3937 Flaccum
340 3878 438 3937 redire
467 3879 616 3939 addentur.
661 3879 764 3959 Neque
793 3888 892 3939 tamen
920 3888 1076 3957 propterea
1105 3882 1268 3960 putandum
1296 3892 1342 3941 est

172 3973 280 4033 lormas
300 3973 362 4034 illas
377 3974 464 4034 lalsas
483 3978 636 4055 bibesiam,
660 3980 852 4051 martenium,
875 3979 1012 4053 spinther
1031 3978 1066 4038 ad
1087 3979 1204 4039 codices
1227 3979 1340 4058 aliquos

173 4070 269 4130 redire
292 4071 452 4133 Plautinos.
499 4073 556 4131 Sed
585 4077 730 4152 reputatis
758 4094 833 4153 qnae
862 4077 957 4153 capite
986 4078 1074 4135 tertio
1102 4095 1251 4155 exponere
1279 4088 1340 4139 stn-

172 4169 289 4229 duimus
312 4188 419 4230 uersus
438 4170 590 4231 Plautinos
609 4171 695 4232 Verri
718 4172 816 4233 Flacci
839 4191 898 4232 non
923 4189 1027 4231 omnes
1049 4174 1085 4232 ad
1109 4177 1190 4252 ipsos
1214 4176 1341 4256 codices,

172 4267 222 4326 sed
245 4268 281 4327 ad
304 4271 563 4345 grammaticorum
587 4288 676 4349 opera
701 4279 816 4349 partem
840 4268 939 4329 redire
964 4272 1044 4329 uersi
1063 4272 1158 4331 simile
1177 4291 1253 4353 esse,
1271 4273 1339 4333 inde

170 4367 258 4425 ctiam
281 4364 334 4425 has
357 4366 466 4425 lormas
490 4377 626 4446 repetere
649 4368 728 4428 licet.
747 4401 783 4410 —
802 4366 866 4428 Aul.
881 4364 957 4447 354,
980 4366 1059 4429 Fest.
1074 4388 1103 4447 p.
1116 4367 1182 4430 364
1205 4390 1228 4431 s.
1242 4390 1272 4432 u.
1284 4370 1339 4430 Te·

172 4471 296 4523 metum:
311 4466 438 4526 Plautus
453 4469 484 4525 in
499 4468 676 4554 Aulularia:
698 4468 836 4543 aeraria,
850 4467 982 4527 Strobile
996 4468 1052 4526 has
1063 4466 1185 4543 facturi
1197 4471 1339 4546 nuptias?
