3192 5209
734 407 972 472 -212-

360 568 457 645 Atque
481 566 565 645 Epid.
581 569 700 646 quidem
724 567 834 631 3620
858 574 1012 649 quaeritur
1035 580 1136 631 utrum
1160 560 1378 649 ‘granastellus'
1401 588 1440 631 an
1524 608 1526 611 <

272 657 465 724 ‘rauistellus'
489 664 625 725 Plautum
649 668 806 746 scripsisse
829 677 978 746 putemus.
1021 663 1224 728 ‘Ranistellus'
1248 678 1347 729 autem
1371 668 1442 747 quid

273 762 320 840 sit,
344 760 455 839 duplici
474 762 561 822 modo
581 781 596 822 a
616 760 705 823 Festo
726 764 904 844 explicatur:
926 775 977 827 331
995 768 1074 826 enim
1093 760 1238 825 a‘rauus'
1252 762 1306 847 (cl.
1318 786 1346 845 p.
1361 758 1442 843 273)

273 867 323 919 331
346 876 361 917 3
386 854 490 920 ‘ranis'
514 857 566 941 (ci.
580 880 608 939 p.
624 854 704 944 282)
729 880 793 922 eam
817 883 922 924 uocem
942 864 1105 925 derinatam
1124 882 1190 923 esse
1213 864 1293 924 dicit.
1339 863 1397 923 Sed
1417 864 1444 922 si

271 974 287 1015 a
311 974 403 1017 uersu
418 956 502 1036 Epid.
516 961 581 1037 ipso
600 960 827 1043 proficiscimur,
850 962 1034 1023 rauistellum
1054 980 1151 1041 neque
1173 981 1240 1023 eum
1260 980 1327 1023 esse
1344 978 1444 1041 posse,

273 1056 323 1131 qui
347 1058 412 1114 rani
442 1056 550 1116 coloris
579 1066 637 1137 est,
664 1076 762 1136 neque
791 1077 873 1140 eum,
901 1059 952 1137 qui
981 1061 1077 1119 rauim
1103 1062 1122 1119 i.
1146 1077 1313 1121 araneam
1337 1076 1445 1119 uocem

272 1151 370 1233 habet,
393 1172 448 1233 per
472 1174 503 1215 se
528 1162 659 1234 apparet.
705 1156 844 1217 Ceterum
868 1159 926 1216 iam
950 1174 1059 1236 exeo,
1091 1156 1169 1234 quod
1193 1156 1266 1217 duas
1289 1154 1353 1214 illas
1376 1173 1444 1214 sen-

271 1251 380 1310 tentias
396 1253 575 1332 inuenirnus‚
589 1256 717 1315 conicias
732 1253 810 1314 haud
826 1272 973 1333 quaquam
992 1253 1082 1313 huius
1100 1256 1184 1314 uocis
1198 1254 1444 1332 significationem

273 1350 473 1426 grammaticis
496 1342 583 1429 primi
608 1368 631 1410 a.
656 1349 686 1411 C.
710 1370 738 1411 n.
763 1350 874 1411 sacculi
896 1350 1012 1430 planam
1036 1352 1137 1412 luisse.
1179 1350 1237 1411 Sed
1260 1354 1348 1412 etiam
1372 1350 1443 1411 alte-

185 1464 188 1467 *
271 1464 339 1505 rum
372 1445 498 1507 uerbum
532 1442 750 1525 ‘grauastellus'
788 1456 822 1507 ut
860 1448 1025 1509 secundum
1056 1447 1137 1510 Festi
1169 1448 1394 1527 explicationem
1425 1466 1443 1507 a

271 1538 441 1622 ‘grauitate'
466 1543 515 1604 uel
536 1546 636 1623 potius
660 1564 676 1604 a
700 1538 824 1623 ‘grauis'
848 1544 1020 1606 deriuemus
1043 1546 1124 1606 nullo
1147 1545 1235 1606 modo
1253 1547 1318 1606 fieri
1335 1554 1445 1625 potest,

269 1660 337 1701 cum
360 1640 417 1701 hoc
440 1659 533 1701 uersu
557 1636 775 1720 ‘grauastellus'
801 1644 883 1703 uocis
913 1642 1053 1722 syllabam
1080 1645 1206 1722 primam
1236 1642 1351 1722 longam
1376 1660 1442 1702 esse

272 1746 421 1819 oporteat,
449 1734 573 1817 ‘grauis'
602 1739 730 1800 breuem
754 1738 874 1820 babeat,
906 1743 962 1801 etsi
995 1759 1070 1819 quae
1101 1739 1220 1800 additur
1252 1740 1443 1820 significatio:

272 1832 387 1898 ‘senex'
406 1836 481 1896 bene
501 1836 571 1897 huic
590 1836 656 1898 loco
675 1845 743 1916 apta
757 1845 812 1897 est.
843 1837 887 1896 Ad
903 1838 1026 1899 eandem
1045 1856 1151 1898 uocem
1169 1837 1279 1898 Placidi
1297 1838 1443 1916 quaedam

274 1934 372 2013 glossa
403 1943 537 2013 spectare
567 1934 701 2015 uidetur,
736 1934 773 1993 de
804 1952 862 2012 qua
889 1934 1026 2006 Loewius
1056 1930 1158 2017 egit.¹)
1202 1934 1285 1995 Hanc
1314 1934 1444 2013 glossam

273 2050 349 2111 quae
377 2034 408 2091 in
437 2032 530 2092 classe
559 2031 585 2091 R
615 2033 655 2092 ita
683 2032 792 2093 fertur:
825 2026 1007 2109 ‘granascela
1035 2052 1142 2113 graues
1169 2034 1199 2093 id
1228 2041 1274 2093 331
1300 2028 1383 2092 anni'
1411 2034 1444 2091 in

270 2128 303 2190 ff
318 2140 431 2192 autem:
461 2126 655 2210 ‘grauescella
683 2148 790 2209 graues
817 2129 885 2189 idus
913 2125 994 2191 anni'
1027 2134 1119 2192 uariis
1148 2130 1244 2190 modis
1272 2131 1332 2189 3131
1361 2129 1442 2190 docti

267 2231 428 2291 restituere
455 2231 554 2302 conati
579 2236 657 2289 sunt.
705 2227 764 2287 Sed
788 2246 884 2307 neque
908 2227 1131 2309 Deuerlingius,
1161 2230 1214 2307 qui
1237 2223 1441 2305 ‘grauastellas

267 2346 375 2406 graues
398 2327 428 2387 id
452 2335 498 2387 est
525 2320 632 2407 annis',
663 2343 761 2405 neque
788 2324 955 2406 Vscnerns‚
988 2328 1041 2405 qui
1073 2322 1184 2405 ‘grauis
1218 2324 1317 2400 stella,
1348 2343 1441 2404 graue

268 2425 350 2485 sidus
379 2420 459 2486 anni'
489 2427 634 2505 restituit,
664 2423 710 2482 bis
744 2421 958 2483 mutationibus
989 2425 1147 2501 quicquam
1177 2422 1249 2482 mibi
1276 2423 1441 2501 proiecisse

268 2523 419 2583 uidentur.
466 2521 575 2583 Contra
604 2520 715 2581 Laeuii
749 2522 921 2581 coniectura
952 2519 1024 2580 baec
1052 2520 1149 2599 glossa
1181 2521 1308 2581 fortasse
1340 2528 1441 2582 sanata

269 2628 328 2700 est,
360 2622 411 2698 qui
434 2623 477 2681 sic
501 2621 635 2700 scripsit:
665 2612 869 2697 ‘grauastella,
891 2614 996 2697 γραῦς
1018 2618 1048 2677 id
1073 2625 1119 2678 est
1141 2614 1228 2679 anus'
1256 2619 1345 2679 simul
1371 2603 1449 2679 alla-¹

267 2720 305 2777 tis
329 2717 394 2779 aliis
417 2718 528 2779 Placidi
552 2716 673 2797 glossis,
703 2714 755 2775 ubi
778 2715 814 2774 ad
838 2713 1039 2793 explicandam
1064 2734 1168 2776 uocem
1192 2716 1311 2778 latinam
1334 2736 1441 2796 graeca

267 2833 326 2874 uox
359 2815 486 2877 additur.
529 2808 754 2875 ‘Grauastellus'
787 2814 879 2891 igitur
911 2812 990 2872 idem
1022 2814 1168 2892 significat
1205 2814 1284 2894 quod
1317 2810 1440 2895 ‘senex'‚

266 2920 313 2972 est
340 2921 437 2973 autem
462 2912 694 2993 deminutiuum,
723 2910 890 2971 deriuatum
913 2928 930 2971 a
959 2905 1146 2990 ‘grauaster'‚
1174 2911 1253 2990 qnod
1280 2913 1379 2990 ipsum
1402 2912 1440 2973 ad

266 3010 390 3071 eandem
414 3011 545 3072 radicem
569 3010 668 3071 redire
692 3009 826 3088 uidetur,
855 3026 929 3088 3333
957 3010 988 3069 13
1017 3026 1122 3087 graeca
1151 3027 1225 3069 noca
1252 3006 1359 3091 γραῦς
1386 3019 1440 3071 331

266 3110 362 3188 mque
401 3109 545 3171 uocabula
577 3102 714 3177 similiter
747 3106 930 3167 conformata
970 3124 1038 3166 cum
1076 3124 1112 3165 ex
1149 3106 1213 3166 aliis
1244 3107 1440 3187 scriptoribus

266 3213 330 3265 turn
359 3224 395 3267 ex
422 3205 527 3267 Plauto
556 3205 639 3266 allata
670 3212 741 3263 sunt
768 3222 784 3263 3
813 3201 1439 3266 813313313ηά3131133331282-284.

267 3303 407 3365 Ceterum
430 3304 506 3367 banc
530 3304 660 3366 radicem
684 3298 793 3383 ‘grau-⁵
817 3311 936 3380 practer
959 3300 1016 3361 hoc
1036 3300 1162 3361 uerbum
1180 3304 1211 3362 in
1230 3302 1331 3381 lingua
1348 3303 1438 3364 latina

266 3420 326 3462 non
350 3403 535 3464 offendimus,
584 3401 748 3481 Singularis
771 3401 863 3479 igitur
885 3398 957 3459 haec
980 3416 1040 3459 uox
1063 3417 1132 3459 curn
1156 3418 1213 3461 usu
1236 3403 1346 3480 ueniat,
1369 3419 1437 3480 pro·

268 3518 326 3577 que
355 3518 389 3559 33
417 3500 505 3562 simul
534 3500 625 3561 altera
653 3517 746 3578 eaque
775 3496 923 3558 simillima
955 3498 986 3556 in
1020 3503 1103 3556 textu
1133 3496 1229 3556 Plauti
1258 3498 1439 3579 inueniatur,

229 3608 233 3613 '
269 3596 354 3658 aliam
378 3596 446 3658 inde
471 3598 506 3658 ad
531 3616 637 3659 uocem
661 3589 861 3657 ‘ratristdlusf
878 3593 1081 3672 explicandam
1109 3595 1188 3653 uiam
1215 3596 1370 3673 ingressus
1392 3604 1440 3655 est

266 3694 299 3755 0.
323 3694 497 3778 MuelleruS,
526 3699 577 3776 qui
605 3694 639 3757 ad
669 3694 796 3773 glossam
824 3691 906 3753 Paul.
933 3711 962 3772 p.
985 3688 1029 3751 96
1053 3686 1277 3753 ‘Grauastellus'
1308 3691 1439 3770 adnotat,

265 3802 300 3854 ut
333 3788 447 3854 ‘rauus’
481 3813 518 3854 ex
550 3788 683 3873 ‘grauns’
716 3794 757 3852 ita
789 3784 982 3851 ‘ranistellus'
1019 3807 1056 3849 ex
1088 3783 1306 3867 ‘grauastellus'
1338 3798 1439 3850 ortum

266 3911 340 3953 esse.
396 3892 505 3953 Verum
546 3892 600 3951 bac
639 3893 752 3952 ratione
790 3889 864 3950 nihil
902 3886 1137 3965 demonstratur,
1178 3888 1235 3945 nisi
1274 3888 1441 3956 secundnm

264 3990 361 4069 legem
391 3989 507 4068 linguae
539 3988 645 4049 latinae
677 3984 718 4067 ‘g'
749 3996 819 4049 3313
856 3984 894 4050 ‘r'
925 3984 1068 4043 omissum
1099 4000 1174 4043 esse·
1223 3982 1326 4063 Neque
1358 3988 1442 4045 enim

264 4079 462 4160 intellegitur,
490 4097 545 4139 cur
573 4080 661 4138 etiam
689 4072 729 4137 ‘a'
758 4080 789 4139 in
814 4071 847 4137 ‘i'
871 4081 1032 4141 transierit.
1078 4078 1137 4139 Sed
1161 4098 1198 4140 ne
1221 4079 1294 4140 illud
1318 4082 1442 4161 quidem

265 4184 347 4237 recte
390 4176 629 4237 animaduersum
671 4184 725 4235 331.
785 4173 903 4235 Etenim
941 4179 967 4237 si
1003 4176 1037 4238 0.
1068 4176 1245 4238 Muellerum
1282 4182 1439 4258 sequimur

264 4276 344 4335 intra
363 4282 483 4336 centum
502 4276 716 4355 quinquaginta
735 4291 829 4334 annos
847 4272 928 4334 illam
946 4276 1140 4335 mutationem
1159 4274 1323 4336 secundum
1341 4275 1442 4356 legem

337 4484 362 4555 1)
381 4482 462 4555 Epid.
482 4484 525 4539 ed.
544 4482 674 4541 Goetzius
692 4484 779 4555 prael.
797 4478 896 4547 XXIV.
