3192 5209
566 392 887 458 ·-235-

179 557 258 636 uult,
294 555 346 617 sed
374 559 463 619 etiam
491 574 566 636 quac
596 552 1068 638 aLoewioaiferturglossa1):
1097 560 1214 635 tippula
1237 553 1375 617 uermb'

179 658 354 732 aquaticus,
387 664 418 716 et
445 655 522 734 quod
553 655 645 716 multo
678 658 774 716 rarior
807 661 867 736 est,
896 654 939 715 illi
969 654 1197 736 praeferendum
1230 652 1349 713 uidetur

179 770 254 813 esse.
292 750 376 823 Quod
400 755 425 813 si
448 771 555 814 uerum
577 751 740 833 putabitur,
762 759 835 813 tuuc
858 771 896 813 oe
918 756 1127 815 recensionem
1151 751 1271 832 quidem
1295 749 1349 809 dil-

182 834 337 910 terentiam
365 848 451 911 nobis
478 868 651 931 occurrere,
679 850 731 911 sed
758 852 789 911 in
818 850 955 911 codicum
982 854 1129 931 scriptura
1156 848 1271 910 librarii
1299 866 1350 907 cu-

178 945 293 1007 iusdam
317 950 517 1009 coniecturam
538 947 630 1009 latere
660 949 879 1010 arbitrabimur.
940 948 998 1010 Sed
1031 948 1109 1009 aliud
1142 956 1188 1008 est
1220 945 1349 1006 animad-

179 1044 366 1105 uertendum.
412 1043 515 1123 Neque
544 1046 622 1105 enim
651 1046 730 1124 qnod
755 1046 839 1106 codd.
868 1045 1010 1108 exhibent
1037 1046 1073 1107 ad
1100 1045 1180 1105 Festi
1208 1046 1350 1121 tippulae,

180 1141 232 1201 sed
264 1141 299 1201 ad
328 1141 450 1202 alteram
483 1143 659 1221 scripturam
693 1146 807 1221 tipelue
838 1144 937 1205 redire
968 1143 1097 1205 uidetur.
1147 1143 1244 1221 Atque
1276 1141 1350 1201 haec

181 1238 300 1317 quidem
319 1239 423 1320 forma,
446 1255 514 1300 cum
532 1238 636 1300 Plauto
655 1240 772 1302 litterae
791 1240 925 1320 duplices
948 1249 1036 1302 nome
1054 1258 1115 1300 non
1134 1247 1243 1319 essent,
1263 1238 1350 1299 ualde

181 1335 412 1423 commendatur.
441 1338 563 1399 Accedit
583 1336 660 1417 quod
682 1356 739 1399 uox
763 1341 860 1416 tipario
883 1356 920 1399 ex
943 1356 1048 1417 graeca
1066 1337 1166 1420 τίλφη
1186 1345 1252 1398 orta
1271 1338 1351 1398 uide-

179 1443 228 1496 tur
256 1453 331 1497 esse.
378 1435 474 1516 Atque
501 1435 558 1496 boc
587 1437 612 1495 si
642 1438 808 1516 statuimus,
832 1445 904 1496 tunc
934 1438 1022 1497 etiam
1051 1454 1085 1496 ea
1112 1437 1261 1497 refutatur
1284 1453 1350 1495 sen-

179 1534 269 1594 tentia
294 1551 353 1593 non
376 1536 472 1610 tepula
491 1532 543 1593 sed
562 1537 669 1610 tipullc
698 1534 762 1593 siue
790 1535 917 1609 tippullc
945 1532 1136 1593 scribendum
1164 1550 1240 1613 esse,
1271 1532 1350 1611 quod

179 1648 247 1691 cum
277 1630 426 1709 Scaligero
455 1630 487 1691 0.
512 1630 672 1693 Muellerus
703 1639 792 1711 atque
820 1629 957 1691 Loewius
980 1638 1083 1690 eontra
1106 1647 1209 1691 omnes
1232 1629 1351 1690 cedices

180 1728 450 1807 glossariorumqne
481 1730 644 1809 scripturas
672 1747 779 1791 uerum
803 1736 992 1808 putauerunt.
1030 1727 1127 1799 Quare
1151 1727 1207 1788 boc
1230 1746 1350 1807 quoquo

182 1844 274 1887 uersu
298 1826 374 1904 apud
397 1825 519 1887 Festum
542 1826 664 1890 alterius
687 1830 872 1889 recensionis
895 1830 1072 1907 scripturam
1095 1828 1247 1888 inuenisse
1270 1826 1353 1887 oide-

179 1941 257 1983 mur.
291 1922 349 1983 Sed
372 1940 440 1983 eum
463 1940 560 2002 noque
585 1942 659 2003 quae
679 1924 756 2004 apud
779 1924 900 1985 Festum
924 1943 1022 2003 neque
1046 1926 1176 2004 quaein
1200 1923 1353 1985 codicibus

181 2029 265 2101 sunt,
297 2038 420 2081 uersum
443 2020 589 2102 expleant,
607 2025 761 2100 quaeritur
783 2021 836 2083 ubi
864 2021 1062 2102 corruptelam
1089 2021 1181 2082 latere
1204 2029 1354 2101 putemus.

181 2119 276 2190 Quam
291 2136 359 2179 cum
378 2117 446 2178 inde
466 2136 482 2177 a
500 2122 598 2179 leutos
612 2137 673 2198 eqs.
688 2122 785 2180 omnia
799 2123 882 2180 r'ecto
896 2138 930 2180 se
944 2119 1071 2180 habeant
1084 2120 1115 2179 in
1128 2120 1232 2198 primis
1252 2117 1353 2178 uerbis

180 2234 324 2295 quaerere
335 2214 491 2295 oportebit
511 2216 609 2287 Quare
624 2235 692 2277 eum
707 2217 743 2277 ad
758 2218 883 2279 sormam
897 2220 1022 2294 tipulloe
1036 2217 1086 2277 uix
1101 2216 1282 2294 refugiamus
1292 2233 1353 2276 om·

179 2316 250 2374 nino
269 2312 452 2374 trochaicum
472 2330 537 2373 esse
551 2313 631 2374 bunc
646 2333 767 2375 uersum
787 2333 856 2375 cum
870 2313 1032 2375 Ritschelio
1052 2313 1224 2392 negabimus
1238 2323 1269 2374 et
1282 2316 1353 2375 iam-

178 2409 279 2472 bicum
293 2412 499 2471 restituemus:
522 2412 625 2487 Neque
639 2416 749 2489 tepuloi
765 2416 863 2474 leuius
873 2415 1013 2490 ponderet,
1028 2429 1119 2488 quam
1130 2414 1208 2485 fides
1223 2415 1352 2473 lenonia.

270 2507 409 2571 Omnium
433 2509 524 2587 igitur
547 2508 655 2569 borum
678 2510 813 2571 locorum
837 2528 911 2590 quae
936 2509 1020 2570 aliter
1035 2517 1124 2587 atque
1147 2511 1178 2569 in
1202 2508 1354 2569 codicibus
1443 2551 1444 2554 κ

179 2606 203 2666 P
223 2607 405 2667 recensionis
425 2605 502 2684 apud
527 2606 647 2667 Festum
674 2615 792 2669 exstant
815 2611 980 2688 scripturae
1009 2626 1069 2668 non
1096 2626 1180 2689 casu,
1208 2608 1260 2669 sed
1284 2626 1354 2672 cou-

182 2703 417 2764 silio¹oidentur
441 2704 534 2764 iactae
558 2722 632 2765 esse.
685 2704 809 2765 Codices
832 2712 931 2767 antem
953 2706 1083 2767 Plautini
1101 2705 1181 2785 quod
1205 2705 1354 2786 exhibent,

164 2820 249 2862 -com
277 2818 394 2879 semper
422 2809 539 2861 rectum
566 2804 802 2882 genuinumqne,
835 2803 916 2863 Festi
948 2806 1127 2882 scripturam
1155 2806 1352 2865 recentiorem

181 2900 395 2979 inuenerimus‚
413 2917 516 2959 omnes
530 2899 585 2959 hos
604 2900 686 2960 locos
707 2919 743 2961 ex
759 2902 863 2961 eodem
882 2901 906 2960 A
925 2902 1110 2961 recensionis
1133 2899 1243 2980 codice,
1263 2920 1354 2980 quem

181 3003 266 3057 antea
283 2998 450 3057 accuratius
464 2996 635 3058 describere
658 3000 756 3059 eonati
784 3016 896 3080 sumus,
920 3007 1055 3078 sumptos
1078 3016 1143 3059 esse
1158 3000 1352 3078 suspicamur.

271 3191 291 3269 ξ
317 3170 367 3252 1⁸4.
413 3191 545 3271 Reliquis
567 3184 624 3275 {qui
651 3200 815 3273 supersunt
842 3193 915 3254 locis
942 3196 984 3255 ita
1011 3192 1154 3255 utendum
1186 3210 1252 3254 esse
1275 3194 1354 3277 uolo,

185 3298 218 3349 ut
240 3288 372 3349 collectis
401 3297 431 3350 et
454 3293 506 3369 qui
529 3298 610 3352 recta
633 3300 663 3351 et
691 3294 743 3370 qui
770 3291 842 3353 falsa
869 3290 946 3369 apud
975 3290 1096 3352 Festum
1121 3298 1237 3351 exstant
1259 3294 1353 3371 scrip-

186 3395 251 3448 tura
285 3386 423 3447 uersibus
450 3387 594 3448 Plautinis
626 3388 737 3449 codicis
768 3389 848 3450 illius
876 3388 1024 3469 Veniant,
1064 3406 1123 3468 quo
1155 3391 1275 3449 nomine
1308 3392 1355 3449 osi

183 3504 296 3566 sumus,
334 3487 490 3564 imaginem
530 3504 617 3563 quam
647 3489 772 3547 maxime
801 3486 909 3546 claram
943 3494 1031 3565 atque
1063 3488 1251 3565 perspicuam
1288 3487 1354 3546 red-

183 3582 295 3643 damus.
327 3582 423 3661 Atque
448 3590 528 3643 recte
549 3582 668 3661 quidem
692 3590 722 3643 et
745 3584 823 3663 apud
842 3584 964 3645 Festum
983 3591 1013 3644 et
1030 3586 1061 3645 in
1082 3583 1234 3645 codicibus
1254 3586 1355 3646 traditi

184 3688 255 3760 sont
277 3679 308 3739 hi
331 3678 400 3739 loci:
432 3676 634 3762 tepuere,
671 3681 752 3742 Paul.
765 3702 794 3761 p.
814 3680 878 3745 368
923 3684 1103 3761 Vesperupo,
1126 3700 1237 3759 uesper
1259 3686 1354 3743 stelle.

186 3779 327 3837 Plautus:
347 3777 410 3837 Nee
423 3795 594 3853 uesperopo
608 3796 664 3839 nec
682 3783 834 3854 uerpile'oe
848 3783 999 3842 occidunt.
1015 3811 1057 3821 -
1073 3778 1176 3858 Amph.
1191 3776 1266 3861 404,
1279 3776 1354 3863 412,

181 3872 260 3933 Fest.
278 3892 306 3952 p.
327 3870 390 3933 217
416 3874 573 3935 Persicum
592 3882 717 3951 portum
740 3878 868 3938 Plautus
890 3892 960 3939 cum
982 3880 1028 3937 ait
1046 3923 1160 3937 .....
1179 3876 1259 3936 Asin.
1278 3873 1353 3956 221,

181 3969 263 4029 Paul.
289 3967 352 4031 113
375 3988 398 4031 s.
422 3990 450 4031 u.
474 3968 569 4032 inlex:
604 3974 684 4034 Esca
702 3981 748 4035 est
765 3978 921 4050 meretrix,
935 3983 1044 4051 pectus
1064 3976 1143 4035 illem
1176 3972 1249 4033 Cum
1268 3972 1353 4033 libris

182 4072 277 4129 tectus
305 4071 389 4129 inlex
412 4067 600 4129 scribendum
625 4077 680 4132 est.
713 4070 795 4141 Quae
819 4072 896 4153 apud
918 4071 1044 4147 Paulum
1067 4071 1226 4131 traduntur
1245 4078 1354 4147 pectus

186 4168 259 4226 illex
280 4164 385 4245 procul
409 4162 499 4225 dubio
523 4165 673 4227 scribendi
696 4186 799 4228 errore
824 4177 943 4231 exortae
967 4177 1045 4230 sunt.
1081 4167 1145 4228 Aul.
1168 4164 1243 4247 324,
1274 4168 1353 4229 Fest

182 4259 296 4341 p.173
338 4263 541 4324 Nundioalem
569 4281 674 4325 cocum
702 4266 848 4343 praepos
872 4271 953 4328 dabit
984 4270 1016 4328 io
1045 4267 1223 4326 Aulularia:
1259 4267 1355 4327 coctas

183 4362 234 4419 ille
249 4354 455 4439 nun[d]toale
477 4366 529 4435 est,
547 4360 597 4439 [tn
615 4378 727 4423 nonum
750 4364 830 4425 diem
851 4367 926 4425 solet
944 4365 992 4425 ire
1015 4370 1141 4425 coetum.
1165 4361 1254 4425 Codd.
1277 4380 1354 4423 nuo·

255 4469 281 4535 1)
299 4466 395 4523 Pron,
414 4472 475 4523 ees.
