3192 5209
613 419 764 495 -237
813 444 854 465 ·-

156 584 302 641 dicuntur
325 600 416 657 quum
439 602 479 643 eac
502 585 606 663 labare
620 586 700 643 uiae
723 587 849 657 sanquis
872 586 979 657 defluit
1001 587 1088 644 eirea
1111 588 1196 644 talos.
1237 583 1344 667 Vide-5

154 687 204 740 tur
223 681 302 739 enim
321 680 392 739 mihi
411 680 445 739 ad
464 679 544 741 bunc
563 698 687 740 uersum
703 678 776 739 baec
796 680 892 759 glossa
912 680 1067 741 referenda
1081 699 1156 741 esse.
1179 680 1256 741 Men.
1272 678 1322 742 78.

110 848 115 855 .
153 776 232 837 Fest.
255 796 284 855 p.
303 772 366 838 258
391 796 414 837 s.
437 796 465 837 u.
490 776 627 849 Quando:
658 783 693 837 ut
714 777 842 838 Plautus
863 781 895 837 tn
914 778 1137 854 Me[naecltmis
1165 782 1224 839 ait:
1249 779 1322 837 ldea

150 872 245 949 puta]
273 891 403 934 mensam
432 874 548 953 quando
572 875 638 955 edo,
666 873 842 953 [detergeo].
891 860 968 934 Men.
992 872 1065 954 832,
1088 874 1168 935 Paul.
1197 894 1224 954 p.
1256 871 1323 935 220

154 972 359 1033 Pandiaulari
381 976 535 1052 dicuutur,
549 975 603 1047 qui
625 978 685 1032 tato
714 990 844 1049 corpore
865 974 1026 1033 oscitantes
1049 975 1263 1045 extenduntur,
1287 990 1322 1033 ea

154 1072 236 1143 quad
258 1072 359 1145 pandi
381 1074 468 1143 dunt.
516 1068 605 1130 Codd.
634 1070 670 1129 Ut
695 1072 901 1145 pandiculans
929 1072 1084 1130 ascitatur.
1130 1068 1219 1129 blera.
1249 1066 1322 1147 737,

152 1162 230 1227 Pest.
253 1187 281 1247 p.
306 1164 370 1229 339
399 1186 421 1227 s.
445 1186 473 1227 u.
506 1167 679 1246 Sequester:
711 1172 740 1226 et
772 1167 918 1243 Pla[utus
945 1158 1135 1227 Mercatore:
1167 1164 1244 1243 Ima]
1276 1169 1322 1227 sic

152 1271 307 1337 sequestro
330 1267 405 1326 mibi
431 1267 504 1325 data
531 1263 618 1340 [est].
664 1262 758 1334 Quem
786 1282 909 1325 uersum
937 1266 993 1324 etsi
1020 1262 1200 1324 Ritscbelius
1228 1266 1321 1343 scrip-

153 1370 251 1422 turam
283 1361 420 1443 traditam
450 1362 552 1422 lalsam
584 1369 667 1422 ratus
695 1363 737 1421 sio
768 1364 902 1441 scripsit:
934 1363 1028 1422 Immo
1058 1363 1136 1421 baec
1167 1369 1322 1437 sequestra

151 1461 228 1519 mibi
254 1462 365 1539 datast,
384 1469 483 1520 tamen
510 1458 559 1519 hic
587 1458 685 1540 attuli,
709 1457 787 1535 quod
812 1477 880 1539 cum
904 1458 933 1519 C.
958 1458 988 1519 P.
1003 1458 1048 1519 W.
1072 1457 1214 1518 Muellcro
1237 1454 1322 1537 (Pro-

152 1556 214 1616 sod.
229 1552 310 1638 257)
329 1560 371 1617 sio
389 1556 571 1617 metiendum
591 1574 656 1616 esse
674 1564 760 1635 puto:
780 1556 872 1617 Immo'
892 1560 937 1617 sic
954 1554 1108 1631 se'questra
1126 1558 1201 1615 mibi
1214 1558 1324 1615 datast.

149 1650 209 1713 Mil.
224 1650 298 1733 211,
309 1652 388 1714 Paul.
404 1672 430 1732 p.
446 1650 488 1714 36
503 1654 641 1720 Barbari
654 1654 836 1713 dicebantur
850 1656 1017 1729 antiquitus
1031 1670 1130 1713 omnes
1142 1659 1256 1728 pentes,
1270 1672 1323 1713 ex-

148 1754 245 1827 ceptis
266 1752 402 1812 Graecis.
446 1753 528 1811 Unde
543 1752 670 1812 Plautus
690 1752 839 1812 Naeuium
860 1758 981 1828 poetam
995 1751 1137 1811 Latinum
1156 1752 1325 1811 barbarum

149 1850 238 1909 duait.
261 1846 347 1909 Most.
362 1846 435 1930 240,
448 1848 526 1909 Fest.
540 1845 644 1928 11:162
660 1866 682 1909 s.
693 1865 721 1908 u.
735 1847 811 1908 Nec:
826 1856 856 1909 et
869 1851 954 1925 apud
967 1849 1108 1909 Plautum
1122 1852 1154 1908 in
1167 1849 1324 1909 Fasmate:

147 1963 207 2005 nec
230 1952 314 2005 recte
340 1948 368 2005 si
391 1948 435 2005 illi
457 1948 582 2005 diceris.
619 1943 725 2006 Pseud.
740 1941 815 2024 266,
838 1942 1037 2025 resapere
1058 1964 1125 2005 su.
1147 1944 1324 2007 Porriciam:

146 2042 296 2118 [Plautus
310 2046 341 2103 in
353 2042 532 2119 PJseudola:
546 2049 637 2117 atquc
656 2045 687 2102 in
696 2042 853 2119 [manibus
864 2050 937 2103 eata
952 2049 1078 2116 teneam,
1092 2049 1126 2102 ut
1135 2042 1324 2119 porriciam]

147 2133 270 2201 intebea
289 2142 355 2201 laci.
397 2141 521 2200 Interea
541 2141 567 2199 si
585 2142 770 2200 restituimus
789 2142 899 2219 optime
918 2141 992 2200 haec
1010 2158 1079 2200 cum
1097 2138 1181 2199 libris
1199 2158 1323 2200 consen-

146 2239 236 2299 tiunt.
272 2236 379 2298 Pseud.
394 2234 467 2316 964,
482 2237 559 2298 Fest.
578 2256 607 2316 p.
624 2234 687 2297 174
701 2256 724 2298 s.
739 2257 767 2298 u.
786 2237 935 2300 Nobilem:
960 2239 1087 2298 Plautus
1110 2240 1142 2297 in
1161 2238 1323 2299 Pseudolo:

147 2336 323 2410 Pereprina
335 2334 435 2410 facies
449 2338 573 2395 uidetur
586 2336 713 2395 bominis
728 2343 820 2410 atque
830 2337 982 2411 innobilis.
1013 2334 1094 2394 Paul.
1108 2354 1136 2413 p.
1154 2331 1216 2395 175
1231 2337 1322 2397 Pere-

144 2436 242 2506 prina
262 2430 362 2507 sactes
389 2439 482 2506 atque
501 2434 648 2506 ianabilis.
680 2431 787 2493 Pseud.
810 2430 894 2494 1200
908 2432 986 2493 Fest.
996 2451 1023 2511 p.
1039 2429 1102 2492 217
1119 2450 1141 2492 5.
1156 2448 1184 2491 u.
1198 2432 1322 2493 Putum:

175 2576 182 2589 .
204 2576 210 2589 .
231 2577 237 2589 .
257 2575 263 2587 .
283 2528 330 2605 [et
345 2530 486 2589 Plautus:
505 2530 607 2589 Purus
622 2536 715 2606 putus
736 2528 806 2605 bic]
829 2530 1008 2609 sycophanta
1027 2537 1081 2589 est.
1116 2528 1224 2589 Pseud.
1247 2524 1322 2590 258.

147 2626 228 2687 Fest.
252 2646 280 2705 p.
304 2622 368 2687 258
392 2645 415 2687 s.
439 2646 466 2687 n.
491 2626 628 2697 Quando:
652 2672 766 2688 .....
786 2634 816 2688 et
842 2631 875 2688 in
899 2629 1062 2688 Pseudolo:
1085 2627 1180 2701 Dabo,
1200 2631 1322 2702 quando

148 2729 218 2787 erit.
247 2728 362 2797 ducito,
390 2727 512 2799 quando
539 2723 672 2803 babebis.
717 2723 807 2785 Poen.
830 2722 902 2806 12,
929 2720 1083 2804 5511551.
1110 2743 1138 2803 p.
1162 2720 1228 2785 330
1246 2744 1269 2785 5.
1293 2744 1321 2785 u.

147 2812 373 2884 §choeniculam
398 2824 542 2883 Plautus.
563 2866 636 2883 ....
656 2822 755 2883 Idem:
779 2824 931 2883 Prosedas
941 2825 1091 2899 pistorum
1113 2820 1256 2898 [amicas
1271 2841 1319 2883 re-

147 2924 260 2997 liquias
274 2918 440 2995 altcarius]
461 2922 588 2981 miseras
612 2922 742 2981 schoeno
757 2920 920 2996 dililbutas
942 2923 1137 2994 servilicolas,
1152 2919 1319 2995 sardidJas.
1425 2908 1429 2913 ’

148 3021 305 3080 Aliearias
338 3020 431 3097 enim,
463 3035 521 3077 non
560 3036 628 3077 cunr
655 3016 796 3101 Muellero
825 3019 1008 3097 halicarias,
1035 3015 1226 3077 scribendum
1255 3036 1320 3077 esse

148 3115 234 3176 Pauli
251 3115 347 3195 glossa
371 3134 398 3194 p.
420 3113 438 3175 7
462 3114 564 3175 docet:
592 3115 749 3175 Alicariae
772 3117 948 3175 meretrices
965 3116 1153 3175 ‘dicebantur
1176 3119 1208 3175 in
1235 3116 1319 3176 dam-

144 3218 244 3291 pania
280 3216 386 3274 solitae
423 3219 494 3274 ante
528 3216 661 3289 pistrina
689 3215 890 3272 alicariorum
917 3215 1043 3274 uersari
1067 3219 1189 3288 questus
1214 3217 1321 3288 pratia

149 3331 211 3391 eqs.
262 3306 438 3390 1155535,
466 3305 540 3390 536,
573 3308 653 3369 Paul.
677 3328 716 3389 p..
732 3306 793 3369 128
827 3327 850 3370 s.
873 3325 903 3370 u.
926 3309 1076 3370 Mauduci:
1109 3311 1237 3369 Plautus
1262 3312 1320 3369 ait:

153 3410 236 3483 Quid
256 3411 284 3469 si
306 3412 349 3469 ad
374 3411 460 3469 ludos
487 3426 534 3468 me
557 3426 617 3484 pra
644 3410 795 3485 manduca
818 3410 932 3469 lacem?
977 3407 1190 3484 Ouaprapter?
1235 3412 1321 3469 clare

148 3511 266 3584 crepito
295 3508 443 3567 dentibus.
489 3504 546 3565 Ubi
574 3506 631 3565 etsi
654 3506 684 3565 in
708 3504 793 3565 codd.
816 3504 937 3582 legitur:
973 3505 1072 3577 bald?
1103 3509 1132 3565 si
1153 3508 1255 3579 aliqua
1279 3508 1322 3566 ad

148 3607 235 3665 ludas
266 3620 313 3663 me
341 3620 399 3679 pra
432 3606 582 3664 manduco
614 3605 727 3664 lacem?
776 3604 989 3679 Quapropter?
1043 3604 1122 3674 Quia
1149 3606 1205 3679 pol
1235 3607 1320 3664 clare

128 3704 265 3778 'crepito
293 3702 440 3775 dentibus,
480 3708 578 3761 tamen
611 3702 655 3761 eis
683 3703 758 3780 quae
783 3707 868 3760 antea
897 3699 932 3759 de
956 3702 1070 3760 ratione
1093 3701 1172 3759 inter
1195 3698 1319 3761 Paulum

147 3800 329 3877 Festumque
361 3797 566 3858 intercedente
599 3799 803 3879 exposuimus,
834 3800 866 3857 in
895 3798 1067 3857 memoriam
1094 3798 1243 3857 reuocatis
1269 3799 1317 3858 trix

149 3894 364 3975 dubitabimus,
393 3896 563 3972 quinquae
592 3894 669 3974 apud
693 3894 816 3954 Paulum
844 3895 905 3953 siut
931 3912 968 3955 ex
991 3894 1048 3954 illis
1073 3910 1147 3973 quae
1175 3896 1206 3953 in
1234 3894 1318 3955 codd.

148 3995 319 4055 inuenimus
351 3993 445 4051 recisa
479 4008 544 4051 esse
577 3992 717 4052 dicamus.
772 3990 847 4051 Rud.
877 3988 955 4071 820,
987 3990 1065 4053 Fest.
1092 4010 1121 4070 p.
1149 3986 1212 4051 301
1242 4010 1265 4051 5.
1289 4011 1318 4053 u.

150 4092 256 4153 Sultis:
288 4094 319 4151 in
342 4091 495 4150 Rudente:
531 4090 643 4149 durate
669 4091 746 4149 baec
772 4092 860 4149 sultis
891 4106 1003 4164 maana
1031 4091 1197 4164 dilipentia.
1243 4088 1318 4150 Rud.

150 4187 245 4270 1208,
268 4188 346 4249 Fest.
369 4206 397 4266 p.
421 4183 486 4247 318
510 4204 532 4245 s.
557 4204 585 4245 u.
610 4184 729 4244 Sacram
755 4202 893 4263 porcum:
920 4186 969 4262 [et
991 4189 1024 4246 in
1046 4184 1219 4261 RudentJe:
1241 4187 1320 4247 Sunt

147 4290 233 4348 'demi
261 4287 356 4363 [apni
386 4291 415 4345 et
443 4286 534 4360 porci
559 4280 689 4357 sacres]
735 4280 816 4341 Trin.
843 4280 920 4362 136,
942 4281 1023 4343 Paul.
1051 4303 1081 4363 p.
1110 4280 1186 4343 107:
1210 4285 1318 4344 lncan-

148 4387 269 4465 ciliasti,
293 4384 485 4461 comparasti,
499 4380 721 4452 commendasti,
744 4382 803 4459 uel,
825 4385 860 4439 ut
880 4383 1007 4455 antiqui,
1026 4399 1086 4458 per
1109 4383 1209 4441 dolum
1232 4384 1318 4443 dece-

144 4485 227 4563 pisti.
273 4482 365 4543 Recte
393 4500 409 4541 a
439 4479 599 4557 Ritschelio
622 4476 695 4537 baec
718 4474 816 4554 glossa
838 4476 898 4537 huc
920 4476 1013 4537 relata
1038 4486 1092 4538 est.
1139 4478 1220 4540 Trin.
1244 4476 1318 4563 609,
