3192 5209
623 348 864 413 -231-

248 508 353 571 Bacch.
374 506 559 593 sat—889,
582 508 660 572 Fest.
681 530 709 590 p.
727 508 788 573 161
813 530 837 574 s.
852 530 880 573 ιι.
894 512 1093 583 Νιοιιιιι-ιιιο
1115 516 1213 575 utitur
1234 518 1326 579 Plau-

157 616 206 669 tus
229 605 281 689 [ia
304 611 524 671 Bacchidibus:
555 612 584 672 si
605 612 662 671 tibi
683 616 728 670 est
753 606 962 690 maJchedem:
994 614 1038 672 ad
1063 606 1168 693 uob[is
1195 618 1328 677 aeruiaa

158 714 204 768 est
191 710 303 769 tdomi
324 726 385 783 qua
409 704 547 788 quidem]
570 710 757 783 tereddam,
781 702 856 788 u[bi
877 716 910 769 tu
932 727 978 771 me
1001 712 1186 785 imitareris,
1209 711 1327 787 consos-

156 802 288 947 sioJreat
310 810 446 868 soricina
470 811 591 869 naenia.
633 805 782 867 Libri..
799 809 891 867 .sit
878 808 1001 867 tidit
956 814 1001 867 est
1021 810 1221 870 macheraet
1242 812 1329 872 nobis

205 911 261 965 .te
279 903 392 979 fatiant
414 908 442 965 si
464 911 496 965 ta
520 922 614 987 rae.
630 903 748 965 ‚Satis
767 904 859 982 igitur
878 921 1000 981 magnae
991 868 1201 966 differentiae
1219 906 1328 969 horum

156 1018 301 1062 uersuum
326 1001 449 1063 traditae
474 1010 551 1063 sunt.
596 1002 694 1081 Atque
717 1002 842 1062 chedem
865 1000 985 1080 quidem
1008 999 1089 1062 Festi
1112 1002 1215 1064 eodem
1239 1005 1327 1066 modo

156 1106 190 1159 ut
215 1098 350 1160 codicum
373 1107 403 1161 et
424 1098 565 1179 Festique
589 1101 632 1161 ad
653 1097 725 1160 illud
749 1117 788 1159 ex
811 1094 1026 1180 [maJcbaera‚
1049 1098 1106 1160 hoc
1129 1118 1165 1161 ex
1189 1109 1327 1163 otmaro

156 1196 270 1257 librarii
294 1216 395 1258 errore
424 1205 489 1258 orta
516 1216 582 1257 esse
611 1205 740 1276 apparet.
786 1196 914 1258 Grauius
937 1205 1036 1259 cirtem
1060 1205 1119 1277 est,
1147 1199 1226 1277 quod
1249 1200 1326 1280 apud

156 1294 279 1356 Festum
302 1294 442 1374 legimus:
466 1302 494 1357 te
512 1298 640 1356 reddam
659 1294 721 1355 scil.
741 1294 966 1375 confossiorem,
985 1297 1016 1355 in
1036 1294 1134 1358 codd:
1157 1302 1186 1357 te
1200 1295 1328 1371 faciam.

155 1392 217 1453 lam
245 1392 317 1453 illud
345 1412 366 1454 ιι
394 1393 473 1472 quod
506 1401 574 1472 post
607 1392 732 1452 uerbum
761 1395 889 1453 reddam
917 1391 995 1471 apud
1023 1390 1145 1453 Festum
1173 1383 1326 1456 seruatum

156 1498 216 1571 est,
243 1490 378 1553 indicare
411 1490 531 1555 uidetur
564 1508 632 1551 eum
664 1489 839 1569 particulam
875 1492 930 1550 adi
960 1488 1145 1572 exhibuisse,
1181 1510 1236 1571 pro
1269 1510 1328 1571 qua

155 1586 240 1648 codd.
265 1590 360 1649 nostri
382 1592 411 1651 si
433 1588 583 1668 praebent.
629 1587 725 1666 Atque
748 1586 864 1665 reliqua
887 1606 956 1647 cum
979 1590 1179 1669 consentiant,
1210 1588 1247 1648 de
1270 1589 1328 1651 hoc

155 1704 227 1747 uno.
242 1704 335 1747 uersu
358 1684 444 1747 nobis
468 1685 614 1765 agendum
638 1692 693 1761 est,
718 1686 804 1745 cuius
827 1683 975 1763 duplicem
994 1684 1071 1744 hanc
1089 1684 1213 1747 formam
1233 1686 1326 1747 fuisse

156 1783 305 1845 uidemus:
328 1783 420 1845 Festa
443 1779 523 1864 [aaa
546 1779 685 1863 quidem]
709 1788 738 1843 te
761 1784 890 1843 reddam
911 1777 987 1862 u[bi
1008 1789 1040 1843 tu
1063 1800 1110 1843 me
1132 1781 1327 1865 irritaveris]

156 1880 254 1941 codd:
287 1900 348 1957 aaa
376 1884 497 1957 quidem
525 1888 554 1942 te
579 1880 698 1956 faciam
729 1884 758 1941 si
788 1888 821 1941 tu
852 1898 900 1941 me
931 1883 1117 1942 irritaveris.
1162 1880 1327 1961 Vtrumque

156 1987 256 2039 autem
289 1997 411 2039 uersum
446 1988 475 2041 et
502 1981 605 2039 sensui
632 1986 733 2057 aptum
767 1996 832 2039 esse
865 1996 965 2057 neque
994 1976 1162 2039 rationibus
1194 1982 1327 2041 metricis

155 2094 327 2155 oppugnare
352 2085 480 2156 apparet.
528 2076 626 2148 Quare
654 2076 838 2139 differentiae
867 2075 969 2153 quales
992 2077 1067 2155 sint,
1096 2076 1121 2134 si
1145 2078 1327 2154 quaerimus,

155 2174 211 2233 uti
232 2181 262 2234 et
284 2178 313 2235 si
334 2176 413 2235 inter
436 2194 468 2235 se
492 2181 688 2237 commutatos
711 2190 771 2233 non
795 2172 891 2233 solum
914 2172 971 2233 hoc
1000 2172 1064 2233 loco
1087 2172 1245 2254 habemus,
1273 2174 1326 2234 sed

154 2271 244 2331 etiam
268 2270 359 2332 Stich.
380 2267 455 2355 524,
478 2275 563 2334 cuius
587 2274 705 2333 initium
727 2271 751 2330 Α
775 2272 903 2331 Domum
924 2272 980 2331 ubi
1000 2271 1131 2333 redieris
1153 2269 1176 2329 P
1199 2272 1327 2333 nomam

153 2372 183 2429 si
209 2371 341 2430 redieris
369 2369 518 2433 exhibent.
564 2371 660 2449 Atque
688 2376 722 2431 ut
749 2370 807 2429 iam
834 2376 994 2448 propterea
1021 2366 1102 2428 Festi
1131 2369 1326 2448 scripturae

154 2468 340 2528 recensionis
364 2486 429 2527 esse
454 2468 582 2549 uidetur,
604 2469 645 2527 ita
669 2468 757 2528 etiam
781 2468 874 2545 magis
897 2465 954 2526 hoc
973 2472 1095 2545 propter
1114 2465 1237 2526 alteram
1257 2484 1326 2527 con-

154 2564 312 2628 tendemus
340 2565 552 2647 differentiam,
584 2564 635 2625 nbi
663 2562 770 2625 Festus
802 2567 940 2645 reddam,
965 2562 1082 2623 codices
1111 2562 1229 2639 faciam
1257 2583 1326 2624 cum

153 2663 311 2745 participio
339 2663 465 2740 perlecti
492 2664 604 2743 passini
635 2663 827 2723 coniunctum
855 2660 1007 2741 praebent.
1054 2659 1217 2739 Vtrumque
1246 2662 1325 2721 enim

153 2758 213 2819 dici
235 2776 323 2837 posse
354 2768 384 2821 et
411 2760 489 2840 apud
512 2760 648 2821 Plautum
677 2760 808 2819 inueniri
835 2758 969 2837 exempla
995 2757 1104 2818 docent
1132 2776 1147 2818 a
1170 2757 1271 2818 Brixia
1295 2761 1325 2818 in

154 2858 344 2917 annotatione
367 2857 403 2917 ad
427 2855 705 2937 (raptaticum.
742 2855 854 2916 Tamen
878 2874 915 2915 ex
937 2854 995 2916 illis
1019 2873 1095 2933 quae
1119 2856 1205 2916 affort
1227 2873 1324 2915 exeni-

153 2953 211 3031 plis
238 2956 304 3015 ueri
333 2955 427 3016 simile
456 2955 575 3016 uidetur
603 2954 740 3030 Plautum
770 2952 877 3015 tahbus
905 2956 936 3013 ιιι
967 2949 1228 3013 coniunctionibus
1256 2969 1323 3011 uer·

152 3143 355 3215 Collybiscum,
375 3146 468 3201 lenoni
491 3146 626 3215 ignotum,
651 3161 714 3199 cum
736 3142 870 3197 trecentis
888 3142 1038 3213 Phillippis
1060 3142 1229 3196 instructum
1243 3142 1325 3211 quasi

151 3222 331 3293 peregrinum
349 3222 457 3278 lenonis
476 3224 590 3279 domum
607 3222 711 3277 mittat.
739 3222 793 3287 Qui
811 3222 835 3275 si
851 3222 983 3291 pecunias
995 3221 1070 3291 apud
1083 3221 1214 3275 lenonem
1231 3222 1324 3292 perdi-

152 3300 233 3369 derit,
254 3302 426 3358 occasionem
445 3304 574 3357 lenonem
592 3300 728 3373 perdendi
746 3302 843 3355 datum
861 3300 904 3355 iri
934 3301 1010 3370 Opus
1029 3302 1122 3354 autem
1142 3302 1186 3354 est
1203 3300 1323 3355 testibus

153 3396 222 3449 quos
239 3384 273 3435 ut
290 3384 420 3448 arcessat,
439 3380 637 3451 Agorastocles
650 3382 680 3435 ιιι
693 3381 783 3435 forum
797 3380 928 3434 mittitur.
956 3380 1017 3434 Iam
1033 3378 1082 3448 HI,
1102 3386 1115 3433 1
1137 3378 1184 3433 hic
1198 3396 1260 3433 cum
1275 3378 1325 3433 ad-

152 3460 262 3516 uocatis
278 3460 335 3515 suis
349 3461 471 3517 aduenit.
499 3461 632 3515 Proxima
646 3476 729 3515 scena
742 3460 939 3529 Agorastocles
955 3476 1002 3514 eos
1019 3460 1056 3514 ad
1075 3459 1261 3529 Milphionem
1275 3459 1325 3513 ad·

154 3540 253 3673 ducit,
260 3538 308 3607 qui
326 3558 351 3595 u.
373 3540 457 3595 subi
475 3557 522 3595 eos
546 3539 682 3609 conspicit
705 3540 740 3593 ad
760 3540 801 3595 eri
819 3538 918 3595 uerba:
941 3546 1040 3595 aasuut
1060 3544 1138 3593 testes
1160 3539 1324 3607 respondet:

227 3620 392 3689 etquidem
410 3622 420 3689 l
438 3620 504 3675 Nou
518 3622 637 3712 potuisti
654 3620 788 3675 adducere
806 3620 925 3673 damiam
943 3620 1032 3690 munis
1049 3620 1087 3673 ad
1103 3620 1176 3672 huuc
1192 3624 1249 3673 rem
1266 3620 1324 3673 ido·

151 3714 223 3753 saeos
247 3715 319 3767 quae
343 3701 430 3755 uerba
452 3717 509 3755 non
532 3700 591 3755 sine
611 3698 760 3754 offensione
784 3715 843 3753 esse
861 3698 932 3752 mihi
949 3697 1089 3753 uidentur
1125 3699 1185 3750 Iam
1203 3698 1324 3767 primum

155 3779 271 3832 dubium
291 3780 335 3833 est
352 3782 445 3834 utrum
465 3781 577 3835 omnino
595 3786 635 3836 tot
653 3796 716 3834 cum
798 3779 929 3848 paratino
946 3777 988 3831 ita
1005 3780 1038 3831 ut
1055 3777 1109 3831 hoc
1123 3793 1205 3831 uersu
1219 3776 1324 3831 iactum

153 3859 209 3925 est,
234 3858 367 3929 coniungi
389 3860 487 3929 possit.
524 3858 632 3913 Deinde
661 3875 709 3912 cur
728 3794 814 3912 mm
785 3874 888 3927 magno
907 3855 1109 3912 aduocatorum
1127 3872 1242 3910 numero
1260 3856 1324 3911 Mil·

153 3936 222 4006 phio
236 3936 320 4005 dicat,
339 3938 414 3993 haud
433 3939 477 3993 est
495 3938 608 4007 clarum,
627 3954 690 3991 cum
709 3936 793 3991 adid
812 3938 887 4006 quod
905 3936 1078 4007 propositum
1098 3936 1171 4004 erat,
1190 3937 1265 3991 haud
1283 3937 1325 3991 ita

152 4034 271 4087 magnus
294 4034 425 4071 numerus
449 4034 518 4087 opus
542 4017 620 4071 esset.
658 4016 777 4071 Videtur
798 4016 925 4085 igitur'
917 4035 946 4071 ιιι
968 4015 1027 4071 illis
1048 4016 1141 4071 uerbis
1165 4018 1325 4087 corruptela
1381 4041 1384 4046 ⁴

153 4098 251 4151 latere.
289 4096 408 4165 Milphio
433 4095 504 4150 nihil
526 4096 604 4150 aliud
627 4094 719 4150 dicere
742 4096 806 4149 uult
827 4096 893 4150 nisi:
908 4113 964 4151 non
982 4095 1100 4165 potuisti
1121 4095 1249 4150 homines
1275 4096 1323 4151 ad-

157 4176 259 4230 ducere
287 4176 379 4245 mugis
407 4174 530 4231 idoneos.
573 4176 665 4241 Quare
695 4180 735 4231 tat
761 4178 925 4246 corruptum
949 4192 1009 4230 esse
1036 4176 1114 4245 puto.
1157 4174 1323 4230 Coniectura

153 4256 249 4309 autem
267 4254 411 4312 lenissima
429 4256 523 4310 omnia
541 4272 570 4309 se
588 4258 665 4310 recte
683 4254 815 4310 habitura
831 4255 974 4323 uidentur,
999 4255 1023 4309 si
1044 4272 1096 4323 pro
1119 4258 1159 4309 tot
1177 4254 1323 4310 scribimus

149 4336 206 4404 poi,
221 4336 254 4387 ut
267 4334 319 4388 illa
337 4334 424 4388 uerba
442 4333 510 4387 sint:
536 4332 589 4389 Pa
607 4336 715 4404 addua
731 4338 742 4407 l
759 4334 827 4391 Noa
839 4337 959 4406 patuisti
975 4336 1110 4394 adducere
1127 4336 1247 4392 umiae
1264 4354 1322 4392 raa-

150 4416 194 4487 9is
212 4416 250 4473 ud
267 4416 339 4471 naec
357 4430 412 4470 reus
430 4414 547 4469 idoneae.
