3192 5209
618 390 769 455 -245
818 428 855 436 -

153 558 241 616 iubeo
260 575 298 616 me
321 574 367 616 me
386 559 515 615 territes.
561 553 680 615 Hiatum
695 555 786 633 igitur
802 557 963 633 septenarii
982 556 1124 616 trochaici
1139 557 1324 616 machaerae

152 656 249 715 obicio
277 672 345 714 cunr
373 652 456 713 libris
484 653 589 713 Festus
617 651 749 732 exbibet,
779 671 866 731 quem
900 673 966 713 1111
1001 655 1206 715 emendatione
1235 652 1322 713 lenis-

152 754 234 831 sima,
253 770 340 830 quarn
365 749 483 811 C.F.W.
507 744 700 832 Muellerns¹)
724 753 890 829 proposuit,
912 755 1097 813 machaerae
1124 755 1196 813 buia
1225 754 1322 812 abicio

78 928 80 932 ,
152 852 259 911 euitari
282 849 410 929 licuerit,
433 851 482 909 nix
506 848 610 909 Plauto
634 849 809 909 tribuemus.
832 882 869 890 -
890 848 965 909 Men.
984 846 1057 928 778,
1083 846 1323 910 1111369111.

155 948 302 1009 Velitatio:
327 949 434 1007 Nescia
457 949 533 1021 qaid
554 951 674 1009 uelitati
695 951 765 1009 estis
788 951 870 1007 inter
888 964 950 1007 aas.
1006 946 1095 1008 Codd.
1120 950 1226 1008 Nescio
1249 944 1326 1021 qaid

153 1064 208 1107 aas
232 1048 352 1105 aelitati
365 1047 435 1104 estis
460 1047 539 1104 inter
562 1064 616 1106 aas
641 1049 724 1105 daos.
755 1044 882 1104 Versum
905 1063 921 1103 a
945 1044 1035 1104 Paulo
1059 1046 1089 1105 in
1113 1045 1236 1105 breuius
1258 1043 1324 1102 red-

153 1154 251 1204 actum
275 1160 341 1201 esse
361 1144 418 1201 iam
442 1149 526 1202 antea
550 1152 812 1203 commemoratum
831 1147 886 1204 est.
917 1141 975 1202 Sed
996 1162 1030 1201 ex
1051 1144 1095 1203 eis
1113 1162 1187 1221 quae
1207 1150 1324 1202 exstant

154 1241 232 1321 apud
256 1258 333 1313 eum,
358 1239 455 1300 elucet
478 1240 590 1300 hiatum
615 1242 691 1320 apud
716 1238 837 1298 Festum
862 1258 980 1319 quoque
1005 1233 1248 1319 exstitisse.²)—
1263 1240 1325 1299 lam

153 1338 287 1399 nonnulli
301 1337 358 1398 loci
372 1347 498 1418 exstant,
522 1341 573 1416 qni
592 1341 711 1399 ornnino
728 1357 743 1395 a
759 1336 861 1397 Plauto
881 1336 1068 1397 abiudicandi
1087 1345 1165 1398 sunt.
1212 1336 1324 1397 Eorum

153 1440 211 1497 ianr
236 1446 320 1498 antea
344 1440 642 1497 commemorauimus
680 1435 744 1496 Aul.
769 1431 847 1496 595:
886 1438 979 1507 Quasi
1000 1439 1054 1509 qai
1072 1440 1165 1511 paeri
1187 1454 1265 1496 aare
1281 1438 1324 1495 di·

151 1544 242 1597 scam
256 1540 378 1612 scirpea
398 1538 537 1595 induitur
556 1540 641 1596 ratis.
666 1533 786 1593 Accedit
805 1533 863 1592 Mil.
878 1530 932 1612 94,
950 1529 1108 1593 1111376
1127 1552 1148 1593 s.
1164 1552 1193 1593 u.
1208 1532 1326 1610 Valgos:

156 1639 186 1695 ia
212 1635 310 1694 Milite
330 1636 478 1709 glorioso:
506 1636 565 1706 Oai
588 1636 663 1693 talos
683 1636 807 1692 uitiosos
825 1634 970 1690 maiorem
985 1638 1105 1705 partem
1125 1634 1233 1691 uideas
1251 1634 1327 1704 aopi

150 1736 231 1792 salis.
262 1730 352 1791 Codd.
373 1731 523 1790 Maiorem
538 1740 658 1807 partem
682 1732 789 1789 uideas
807 1732 907 1802 calpis
926 1732 1052 1788 suariis,
1090 1727 1190 1803 Valgia
1208 1731 1326 1788 suariis

153 1825 230 1908 apud
255 1830 376 1889 Festum
400 1846 519 1907 quoque
545 1828 760 1889 restituendum
790 1844 855 1885 esse
884 1845 920 1884 ex
938 1825 1114 1885 Mommseoi
1141 1826 1326 1904 singulorum

152 1926 233 1987 Festi
270 1926 406 1986 codIcnm
440 1925 647 1987 collationibus
679 1934 760 2005 patet
784 1918 1032 2003 (abhandlungen
1060 1924 1113 1985 der
1135 1923 1214 1985 Rerl.
1237 1921 1325 1983 trad.

155 2022 248 2103 1864,
270 2042 299 2103 p.
324 2016 389 2104 82).
429 2022 508 2082 llaec
532 2029 630 2084 antem
654 2023 732 2082 Festi
753 2021 864 2082 uerbat.
881 2026 936 2095 qui
958 2025 1034 2081 talos
1057 2026 1181 2082 uitiosos
1204 2038 1264 2081 nou
1288 2021 1322 2080 ad

152 2122 288 2183 Plautum
318 2129 466 2200 spectare,
499 2122 551 2181 sed
581 2140 684 2182 errore
718 2121 749 2179 11
778 2137 900 2178 uersum
933 2118 1100 2179 Plautinum
1135 2112 1325 2200 irrepsisse³)

152 2228 282 2299 apparet.
328 2219 425 2289 Quare
450 2222 641 2280 consentiunt
664 2222 743 2279 inter
768 2236 800 2275 se
825 2216 987 2277 Festuset
1009 2216 1086 2277 libri.
1122 2217 1233 2276 Tamen
1253 2216 1325 2275 baec

151 2318 240 2377 buius
263 2316 377 2396 prologi
400 2334 468 2395 pars
487 2336 502 2375 a
522 2316 625 2377 Plauto
650 2313 844 2377 abiudicanda
873 2322 927 2374 111..
965 2315 1028 2375 Cas.
1052 2315 1091 2395 ll,
1115 2314 1144 2395 8,
1170 2312 1223 2394 62,
1245 2313 1326 2373 Ρ111.

154 2412 213 2475 117
247 2416 418 2488 lingulaca
452 2432 549 2488 aenas
579 2419 673 2492 piscis
711 2417 761 2473 ael
787 2416 896 2472 mulier
928 2418 1115 2487 arauiatria.
1171 2412 1326 2474 Pertinere

150 2512 225 2572 hano
258 2511 383 2591 glossam
417 2528 476 2570 nou
509 2511 605 2571 solum
628 2512 663 2571 ad
692 2512 756 2570 Cas.
780 2509 805 2568 ll
830 2505 862 2581 8,
891 2507 947 2589 61,
975 2511 1026 2570 sed
1056 2513 1143 2571 etiam
1168 2511 1204 2570 ad
1229 2531 1257 2571 u.
1282 2508 1325 2570 62

150 2620 184 2671 11
207 2628 243 2669 ex
267 2608 377 2687 duplici
400 2608 489 2667 huius
513 2612 595 2668 uoeIs
620 2608 816 2688 explicatione
836 2617 957 2685 apparet
976 2609 1015 2667 ita
1035 2607 1090 2668 bac
1110 2608 1197 2669 Nonii
1216 2609 1322 2689 glossa,

151 2726 226 2787 quae
250 2703 374 2785 11150,
403 2704 423 2765 8
448 2707 672 2785 comprobatur:
704 2708 895 2780 arcamarcaa
921 2708 1103 2766 locutuleiae
1131 2725 1156 2767 e.
1176 2726 1203 2785 q.
1229 2706 1327 2768 subi

150 2824 180 2865 u.
205 2803 247 2865 62
267 2803 384 2864 allatum
404 2806 583 2875 inuenimus.
612 2804 697 2865 llunc
716 2811 815 2863 auteur
835 2820 956 2862 uersum
978 2803 1113 2863 Loewius
1132 2798 1323 2886 (11111204)

151 2902 309 2979 delendum
338 2920 404 2961 esse
434 2911 536 2963 censet
564 2912 597 2962 ut
624 2902 808 2980 grammatici
837 2899 940 2978 procul
969 2900 1059 2961 dubia
1083 2901 1324 2981 additamentum,

152 3019 211 3081 qno
236 3000 446 3079 pessumdetur
469 3002 527 3060 ioci
550 3000 646 3079 lepida
670 3000 814 3059 breuitas.
860 3000 901 3055 Aa
925 3015 995 3057 sane
1019 2998 1074 3058 boc
1094 3000 1219 3060 fortasse
1243 3007 1324 3060 recte

150 3097 303 3159 contendit
336 3116 405 3157 cum
428 3116 456 3159 n.
482 3094 523 3158 61
549 3116 656 3176 perse
682 3115 808 3174 prorsus
838 3096 974 3156 suliiciat.
1008 3097 1104 3157 Most.
1131 3096 1225 3178 1042,
1249 3098 1326 3159 Fest.

153 3193 215 3256 167
241 3214 263 3255 s.
288 3215 316 3256 u.
341 3195 487 3256 Nancum:
526 3199 612 3268 Oaad
643 3198 677 3254 id
702 3212 766 3254 esse
795 3198 897 3254 dicam
929 3197 1057 3255 uerbum
1089 3199 1185 3256 cauci
1215 3200 1326 3257 nescia.

152 3294 242 3354 Codd.
262 3296 348 3365 Ouid.
395 3292 480 3363 Quod
505 3294 610 3353 Festus
633 3297 727 3368 quad,
756 3294 875 3354 codlces
903 3293 979 3367 qaid
1000 3292 1148 3373 exhibent,
1177 3293 1324 3354 111111117-

226 3440 251 3504 1)
270 3455 297 3505 p.
319 3442 378 3490 552.
395 3470 425 3475 -
447 3440 474 3506 2)
494 3438 574 3491 Η111
594 3453 704 3491 uersum
724 3437 895 3492 Ritsehelius
915 3439 951 3507 (p.
972 3436 1046 3505 XIII)
1066 3435 1095 3491 in
1114 3437 1154 3489 eis
1175 3442 1327 3505 enumerat,

151 3514 254 3584 quibus
274 3515 310 3567 ad
330 3516 438 3569 hiatum
458 3517 615 3570 tollendum
639 3516 747 3570 nullam
772 3517 924 3571 remedium
949 3517 1047 3581 habet,
1064 3517 1128 3570 'alio
1151 3517 1215 3571 loco
1238 3517 1326 3586 (Neue

152 3596 243 3649 Plaut.
272 3594 400 3659 11111111ι
421 3599 482 3663 114)
505 3594 596 3650 forma
624 3596 751 3651 obsoleta
779 3596 927 3651 ‘uelitatis’
958 3595 1089 3649 restituta
1117 3596 1210 3649 sanari
1238 3600 1325 3665 putat.

152 3675 301 3729 Muellerus
322 3676 432 3743 (1.557)
449 3675 488 3729 111
504 3677 680 3731 scribendum
705 3694 765 3733 esse
791 3677 910 3732 censuit:
929 3675 1028 3729 Nescia
1046 3676 1113 3742 qaid
1131 3693 1181 3729 eae
1199 3679 1327 3733 aelitatin

151 3756 214 3811 estis
232 3755 304 3808 irater
322 3770 372 3807 aas
390 3755 466 3809 duae.
503 3754 544 3810 Ac
563 3756 586 3810 si
605 3759 694 3811 meacm
712 3759 780 3827 qaid
798 3758 852 3812 hoc
877 3773 959 3809 uersu
982 3756 1056 3809 idem
1081 3757 1155 3824 quod
1173 3776 1325 3827 pronomen

152 3834 326 3889 indefinitum
350 3834 444 3888 ualere
469 3836 660 3904 reputabimus
684 3837 729 3905 (cf.
750 3838 781 3890 G.
802 3836 961 3889 Fuhrmanu
980 3836 1076 3890 Jahrb.
1098 3842 1158 3905 105,
1181 3843 1233 3891 809
1253 3843 1325 3909 sqq.)

153 3914 221 3967 satis
240 3916 308 3981 apta
326 3913 452 3967 Muelleri
472 3913 634 3969 coniectura
652 3917 772 3971 uidetur.
803 3947 836 3955 -
869 3918 896 3983 3)
917 3917 948 3969 0.
968 3916 1118 3969 Muellerus
1138 3935 1172 3971 ea
1189 3919 1275 3973 uerba
1293 3937 1326 3973 ex

153 3994 321 4063 glossemate
340 3994 376 4046 ad
395 3991 610 4060 explicationem
628 3998 677 4064 qai
695 3998 821 4050 dimersae
838 4013 920 4048 sarae
937 3995 1078 4065 adscripta
1098 3999 1160 4051 1111
1173 4000 1257 4065 atque
1271 3998 1326 4052 hnc

152 4074 181 4126 in
199 4076 307 4127 textum
330 4072 421 4141 ipsum
445 4073 582 4127 translata
605 4092 664 4129 esse
690 4076 778 4145 putat.
818 4076 894 4139 Quae
919 4074 1059 4129 sententia
1082 4077 1231 4143 propterea
1258 4078 1326 4132 milri

152 4151 212 4207 ueri
240 4150 340 4205 similis
359 4168 414 4207 non
434 4151 558 4219 uidetur,
591 4154 667 4223 quod
685 4155 713 4209 in
732 4155 776 4208 bis
796 4153 888 4207 uerbis
907 4169 1020 4220 prorsus
1048 4155 1120 4207 alins
1139 4172 1235 4209 sensus
1254 4158 1327 4213 latet

152 4235 237 4301 atque
256 4232 286 4285 in
309 4231 361 4298 eis,
385 4232 421 4287 ad
445 4249 516 4300 quae
539 4251 589 4301 pro
614 4233 782 4303 glossemate
808 4251 841 4286 ea
864 4231 975 4287 adiecta
998 4250 1059 4286 esse
1085 4234 1235 4289 Muellerus
1254 4236 1324 4294 uult.

154 4311 340 4377 Quamobrem
352 4310 474 4365 statuere
494 4311 590 4366 malim
605 4314 680 4382 apud
691 4311 805 4367 Festum
825 4314 936 4380 praeter
950 4310 1037 4380 Opilii
1052 4313 1159 4367 Aurelii
1174 4332 1325 4385 eorumque

153 4391 202 4459 qui
220 4408 283 4445 enm
301 4393 493 4459 sequerentur,
517 4391 603 4447 etiam
628 4392 747 4447 aliorum
771 4390 940 4447 sententiam
963 4392 998 4445 de
1021 4408 1090 4446 uoce
1119 4392 1219 4463 Valpoe
1242 4398 1326 4451 exsti-

152 4472 229 4563 tisse,
248 4470 297 4540 qui
316 4488 378 4525 eam
397 4472 499 4541 uerbis,
518 4472 567 4541 qni
586 4473 657 4527 talos
676 4473 793 4529 uitiosos
813 4472 970 4544 [babeant],
990 4472 1248 4541 interpretarentur.
