3192 5209
783 380 1022 445 -230-

313 550 363 605 tur
396 547 428 605 in
459 545 539 605 hunc
572 543 691 604 modum
724 545 869 623 scriptus:
902 544 940 605 Io
973 545 1120 606 Poenulo:
1159 545 1326 605 Vinceretr's
1358 563 1487 606 ceruum

315 661 409 705 curso
433 646 485 703 uel
502 646 691 719 prolatorem
712 644 826 717 produ.
870 641 1028 703 Praeterea
1061 642 1120 702 hue
1149 649 1262 720 spectat
1284 642 1363 704 Plao.
1382 639 1434 725 50,
1449 641 1486 705 3:

318 743 442 801 Gratiae
461 743 614 816 perticae,
637 742 681 801 od
702 759 778 816 qnos
802 742 947 801 cruribus
969 743 1119 816 coltt'potr's
1147 742 1347 817 ambutantes,
1368 747 1486 817 praito-

315 846 396 900 tores
419 842 573 899 dicuntur.
605 855 681 915 quae
709 838 806 916 glossa
828 847 951 917 propter
974 836 1197 899 similitudinem
1220 856 1257 897 ex
1279 837 1365 898 Verri
1387 837 1489 898 Flacci

315 956 405 1017 opere
439 943 537 999 ortum
574 938 689 1017 cepisse
722 938 850 998 uidetur.
896 934 990 995 Gloss.
1019 932 1114 994 labb:
1148 936 1337 997 Grottotores
1362 934 1489 997 πανικὰ

316 1038 519 1116 φρροῦντες,’
532 1033 661 1095 Nonius:
687 1036 875 1095 Grattotores
898 1039 969 1094 sunt
991 1034 1236 1094 cottobatttriorii
1256 1039 1314 1095 etc.
1355 1032 1436 1104 Quae
1461 1037 1489 1094 si

315 1139 503 1213 reputamus,
525 1124 607 1192 'tuno
635 1130 691 1192 hoo
719 1131 783 1192 loco
812 1131 916 1191 similis
944 1131 1109 1208 scripturae
1138 1129 1335 1209 discrepantia
1366 1131 1490 1196 uidetur

317 1232 466 1291 exstitisse
498 1237 587 1308 atque
619 1231 696 1291 inter
726 1232 934 1305 praeostettus
962 1235 992 1288 et
1021 1231 1209 1302 rouistelltu,
1242 1227 1430 1303 exsofittotus
1457 1235 1490 1290 et

316 1331 528 1405 expapiltotus.
575 1326 670 1405 Atque
700 1328 742 1387 sio
766 1326 885 1387 Osanna
913 1328 1011 1386 uisum
1035 1333 1094 1407 est,
1123 1327 1175 1404 qui
1204 1334 1361 1406 utramque
1385 1326 1489 1387 lectio-

318 1443 385 1485 nem
409 1423 531 1503 probam
552 1442 616 1484 esse
636 1423 716 1486 dicit.
724 1420 748 1505 ¹)
791 1423 901 1484 Contra
920 1440 1009 1502 quam
1027 1425 1204 1485 sententiam
1226 1425 1251 1483 si
1272 1425 1378 1484 afferre
1397 1424 1491 1484 uelle·

267 1550 273 1559 ·
317 1541 384 1583 mus
407 1526 549 1584 clouotor
574 1524 675 1583 sensui
698 1540 757 1582 non
777 1540 871 1601 aeque
890 1521 1143 1583 accommodatum
1162 1539 1237 1596 esse,
1261 1539 1348 1601 quam
1369 1528 1488 1598 prulle-

317 1627 374 1697 tor,
397 1622 425 1680 ei
448 1628 622 1697 argumento
646 1619 723 1681 haud
749 1619 874 1680 multum
898 1619 1091 1680 tribuendum
1114 1626 1202 1701 esset,
1225 1637 1294 1680 cum
1318 1622 1408 1681 etiam
1431 1620 1494 1681 illis

316 1718 389 1779 loeis
418 1717 541 1779 alteram
569 1719 746 1797 scripturam
775 1717 998 1797 praeferendam
1025 1735 1098 1777 esse
1132 1725 1258 1779 constet.
1304 1717 1362 1778 Sed
1391 1727 1492 1780 tamen

319 1815 467 1894 quomodo
490 1814 513 1874 B
538 1824 568 1876 et
592 1815 613 1876 C
637 1833 741 1877 uocem
765 1820 954 1878 ctouotorem
977 1814 1149 1895 exhibeant,
1181 1817 1206 1875 si
1229 1813 1400 1893 diligentius
1423 1834 1492 1877 exa-

319 1912 506 1993 minabimus,
530 1915 579 1973 uix
603 1911 727 1973 dubium
751 1931 816 1973 esse
839 1921 954 1992 potest,
977 1915 1049 1991 quin
1073 1919 1104 1973 et
1126 1915 1312 1974 ctobotorem
1335 1920 1366 1974 et
1385 1916 1494 1989 olebo-

317 2018 412 2072 torem
441 2018 580 2090 corrupta
614 2028 680 2071 esse
707 2018 848 2089 putemus
877 2029 913 2070 ex
941 2007 1021 2092 {uoce
1051 2014 1255 2085 prolatorem,
1288 2027 1377 2089 quam
1400 2010 1493 2071 Varro
1571 2065 1572 2100 q

318 2108 446 2170 exhibet.
491 2106 689 2168 Nihilominus
718 2109 789 2168 satis
819 2126 940 2187 magnae
969 2108 1145 2169 traditarum
1171 2106 1262 2167 huius
1285 2126 1394 2168 uersus
1419 2112 1493 2169 scri·

317 2215 474 2287 pturarum
497 2212 612 2266 restant
634 2205 827 2267 differentiae.
869 2205 949 2266 Duae
973 2206 1052 2266 enim
1080 2207 1145 2265 eius
1173 2205 1286 2265 lormae
1310 2204 1365 2265 hae
1390 2206 1493 2267 uiden·

318 2314 368 2365 tur
395 2322 476 2365 esse:
509 2302 625 2364 CodP
654 2299 692 2385 (V
720 2310 750 2364 et
780 2302 804 2361 l)
832 2299 1002 2385 Gepprrt),
1030 2302 1136 2363 Varro:
1175 2303 1342 2363 Vinceretis
1370 2322 1495 2365 cauom

319 2420 413 2463 curso
441 2406 493 2463 uel
516 2406 706 2477 prolatorem
734 2402 848 2475 orado.
893 2400 996 2480 Neque
1031 2402 1111 2461 enim
1143 2402 1228 2479 graui
1260 2401 1431 2484 corruptela
1462 2405 1494 2462 in

155 2487 157 2491 ’
221 2566 225 2571 ,
319 2500 403 2563 codd.
428 2518 464 2560 ex
486 2502 539 2561 trel
560 2498 637 2578 apud
660 2496 824 2559 Varronem
851 2498 960 2561 tradito
989 2506 1020 2560 et
1046 2499 1112 2559 lieri
1139 2500 1248 2581 potuit,
1275 2498 1355 2559 unde
1384 2518 1494 2561 uersus

322 2600 448 2660 uitiosus
476 2598 516 2658 lit.
569 2596 665 2675 Atque
689 2596 780 2656 altera
805 2598 953 2676 scriptura
984 2596 1068 2657 Pauli
1099 2605 1159 2657 est:
1198 2598 1365 2659 Vinceretts
1397 2616 1492 2659 cursu

321 2714 433 2758 cerum
462 2703 491 2756 et
511 2699 711 2771 proliatorem
742 2696 856 2770 prodo.
909 2693 991 2765 Quos
1023 2687 1108 2777 duos:
1134 2713 1243 2755 uersus
1284 2697 1310 2755 si
1342 2713 1493 2774 compara·
1570 2697 1571 2718 ³

324 2812 400 2875 mus,
428 2793 456 2854 id
491 2792 609 2853 elucere
641 2799 714 2870 puto
747 2793 904 2871 genuinam
933 2792 1057 2853 sormam
1090 2810 1153 2852 earn
1189 2811 1268 2873 esse,
1305 2811 1393 2871 quam
1425 2811 1495 2853 cum

321 2892 453 2952 Varrone
482 2891 567 2952 codd.
595 2889 736 2951 exhibent
763 2894 893 2971 primum
925 2897 1049 2970 propter
1080 2889 1230 2950 scribendi
1262 2907 1357 2968 genus
1387 2893 1492 2965 proto·

323 2996 427 3064 torem‚
450 3007 519 3050 cum
542 2988 680 3048 Plautum
704 2988 819 3049 litteras
841 2990 1004 3067 geminatas
1027 2987 1160 3047 nondum
1179 2986 1348 3048 adhibuisse
1367 2996 1493 3069 constet,

249 3132 253 3141 .
322 3087 427 3148 deinde
454 3087 533 3165 quod
563 3088 605 3147 sic
635 3086 728 3146 multo
756 3085 919 3165 simplicior
946 3092 1035 3164 atque
1062 3084 1311 3145 accommodatior
1333 3086 1367 3146 lit
1389 3088 1493 3147 oratio.

322 3184 517 3264 Respondent
535 3186 614 3244 enim
633 3186 713 3244 inter
732 3200 763 3244 se
785 3186 890 3259 prado
913 3190 943 3243 et
965 3201 1072 3257 curru,
1098 3186 1288 3257 prolatorem
1310 3190 1340 3243 ct
1363 3200 1494 3253 coruom.

322 3282 426 3361 Neque
454 3282 544 3343 uideo
572 3300 626 3342 cur
654 3282 832 3341 femininum
859 3298 970 3342 ceruos
1002 3288 1088 3359 poeta
1116 3278 1305 3360 praetulerit,
1337 3281 1424 3340 cuius
1452 3283 1495 3340 rei

323 3380 403 3441 nulla
428 3397 516 3440 causa
544 3386 598 3440 est.
644 3378 742 3448 Quare
765 3377 871 3438 Plauto
898 3378 988 3438 huius
1015 3395 1123 3438 uersus
1152 3378 1301 3456 scriptura
1324 3376 1402 3457 apud
1425 3377 1493 3437 Var-

323 3496 427 3538 ronem
463 3475 675 3554 codicibusque
709 3475 816 3535 tradita
849 3474 1005 3536 tribuenda
1038 3475 1158 3535 uidetur
1191 3492 1265 3538 esse.
1321 3473 1379 3535 Sed
1413 3472 1496 3536 Pauli
1569 3533 1570 3536 ,

323 3593 445 3636 uersum
470 3574 721 3652 elegantissimum
749 3590 816 3633 esse
844 3580 933 3652 atque
961 3575 1105 3652 optimum
1134 3574 1201 3651 quis
1229 3580 1276 3632 est
1303 3574 1354 3650 qui
1386 3570 1495 3652 neget?

322 3673 365 3733 lle
390 3671 543 3732 scribendi
566 3672 657 3750 igitur
681 3669 835 3731 erroribus
859 3690 926 3731 cum
946 3671 1072 3750 cogitari
1089 3669 1172 3731 nullo
1190 3668 1279 3729 modo
1299 3667 1400 3748 liceat
1417 3670 1495 3734 unde

323 3772 397 3832 duas
425 3769 515 3829 huius
543 3786 652 3829 uersus
681 3768 791 3830 formas
818 3768 940 3829 fluxisse
967 3763 1160 3847 putabimus?
1204 3767 1300 3845 Atque
1333 3766 1406 3826 mibi
1433 3770 1493 3846 qui·
1569 3789 1571 3810 r

324 3868 401 3949 dem,
425 3884 494 3927 cum
514 3869 700 3942 predatores
724 3867 820 3926 forma
844 3867 996 3927 recentior
1019 3867 1059 3925 sit
1086 3863 1234 3945 habenda,
1262 3866 1359 3924 omnia
1387 3867 1495 3944 optime

323 3965 466 4044 explicari
490 3982 577 4044 posse
601 3963 754 4043 uidentur,
787 3966 814 4023 si
841 3963 922 4023 hunc
955 3980 1075 4041 quoque
1101 3979 1224 4022 uersum
1251 3980 1267 4021 a
1296 3964 1494 4040 grammaticis

325 4070 484 4123 tractatum
521 4080 586 4122 esse
624 4062 790 4121 statuimus.
837 4059 922 4139 Apud
952 4057 1076 4120 Paulum
1122 4066 1221 4119 autem
1258 4076 1334 4137 quae
1371 4068 1495 4139 exstant7
1568 4051 1569 4054 '

326 4164 415 4222 etiam
439 4163 470 4221 in
492 4161 517 4219 Α
542 4160 691 4219 exstitisse
715 4151 895 4240 suspicor.²)

399 4306 425 4373 1)
443 4302 523 4357 Anal.
536 4301 596 4357 crit.
609 4307 668 4356 198.
686 4331 720 4340 —
736 4302 763 4369 2)
782 4300 881 4355 Liceat
894 4299 1018 4356 eiusdem
1032 4300 1144 4357 fabulae
1158 4297 1302 4369 proximae
1316 4316 1415 4355 scenae
1430 4318 1457 4353 n.
1472 4306 1496 4353 5.

318 4382 550 4438 vemendationem
564 4396 728 4452 proponere.
748 4381 788 4435 Vt
810 4379 938 4435 lenonem
962 4380 1011 4449 qni
1029 4380 1218 4449 Agorastoclis
1240 4380 1363 4450 puellam
1382 4379 1496 4448 eiusque

327 4480 449 4520 sororem
467 4463 545 4517 tenet
563 4462 677 4532 perdat,
701 4460 835 4530 Milphio,
858 4477 954 4516 seruus
973 4459 1072 4526 tidelis,
1095 4477 1143 4516 ero
1166 4460 1273 4515 amanti
1290 4459 1320 4514 id
1339 4459 1447 4528 suadet,
1466 4459 1497 4512 ut
