3192 5209
743 342 983 407 -214-

276 523 332 571 σιν
357 520 387 571 et
409 480 604 571 oliendicibus
627 510 791 589 proximam
820 503 936 569 habet’.
990 506 1088 577 Quare
1117 499 1449 568 ‘brachioexialillato’

164 683 167 686 g
276 608 351 669 nihil
373 607 453 668 aliud
476 614 530 687 est,
554 608 611 667 uisi
636 601 769 667 ‘brachio
793 614 877 667 extra
895 606 1021 699 amiotus
1039 605 1159 666 uincula
1177 598 1314 683 prolato'.
1351 604 1448 681 Atque

276 706 351 765 hanc
380 723 486 765 uocem
514 721 574 763 non
603 702 698 765 solum
728 703 785 764 hoc
814 703 894 784 loco,
922 702 974 763 sed
1002 704 1091 763 etiam
1114 702 1184 763 alibi
1206 703 1276 763 olim
1300 704 1450 762 exstitisse
1562 765 1563 786 ἶ

277 802 386 863 Placidi
419 802 516 881 glossa
548 801 674 880 quadam
707 799 932 880 comprobatur,
964 802 1015 878 qui
1040 794 1106 883 (41,
1133 795 1187 882 16)
1210 800 1283 860 haec
1315 798 1449 860 exhibet:
1562 789 1564 874 l

277 900 517 976 aasabiitooero:
540 916 707 973 exercerc,
736 898 787 959 ubi
811 897 1095 977 ipronuntiationis
1119 897 1336 958 cousuetudine
1360 899 1452 958 notis·

278 1000 350 1059 sima
368 999 400 1057 in
420 996 438 1057 b
457 998 584 1057 transiit.
617 996 715 1067 Quare
734 982 842 1056 uersus
860 995 908 1056 ille
928 1013 996 1055 cum
1012 994 1175 1055 Ribbeclrio
1190 994 1355 1055 secundum
1369 993 1451 1055 Pala·

207 1168 210 1174 ¹
276 1098 355 1157 tinos
379 1096 422 1155 sic
445 1093 623 1155 scribendus
647 1102 692 1155 est
700 1087 739 1176 l):
763 1094 804 1153 Iit
824 1110 974 1154 conexum
997 1097 1030 1154 iri
1048 1112 1152 1155 umero
1171 1098 1259 1154 laeuo
1278 1092 1451 1169 exfafillato

277 1194 413 1255 bruchio.
445 1190 548 1271 Neque
573 1193 651 1252 enim
676 1190 733 1251 ulla
751 1209 784 1251 re
808 1190 1005 1270 prohibemur
1027 1194 1100 1270 quin
1119 1191 1288 1268 exfafillato
1306 1190 1454 1269 producta

278 1290 370 1353 altera
394 1288 502 1369 syllaba
525 1291 691 1349 metiamur.

262 1415 264 1419 ·
365 1387 426 1449 lam
450 1388 538 1448 Truc.
561 1384 625 1448 271
651 1385 769 1447 codices
793 1388 836 1447 sic
860 1387 1014 1449 exhibent:

556 1487 580 1544 Α
605 1485 680 1556 Quia
704 1483 759 1545 tibi
782 1502 871 1545 suaso
894 1485 1025 1546 iniecisti
1047 1504 1073 1547 e.
1089 1504 1116 1565 q.
1133 1504 1156 1546 s.

501 1581 582 1643 Bon
606 1580 681 1651 Quia
704 1581 760 1642 tibi
783 1570 910 1645 resuasu
933 1584 1063 1645 iniecisti
1086 1603 1112 1645 e.
1127 1603 1155 1663 q,
1170 1603 1193 1644 s.

368 1680 449 1741 Bon
473 1681 610 1741 codicum
629 1682 808 1758 scripturam
830 1699 866 1741 ex
884 1680 967 1742 Festi
994 1684 1073 1755 Quia
1096 1685 1160 1742 tici.
1173 1686 1296 1743 insenso
1321 1682 1459 1759 infecisti

280 1799 308 1841 e.
323 1800 350 1861 q.
366 1798 388 1839 s.
412 1786 507 1839 ortam
532 1796 597 1839 esse
625 1785 707 1837 recte
736 1780 795 1839 uiri
815 1778 895 1840 docti
914 1787 1130 1860 exposuerunt3
1154 1776 1331 1859 1111211.
1358 1780 1458 1859 Atque

282 1878 358 1939 hanc
378 1876 498 1957 quidem
518 1878 696 1955 scripturam
715 1878 747 1936 in
766 1879 927 1937 nouissima
946 1876 1036 1937 huius
1055 1874 1170 1937 tabulae
1190 1877 1319 1937 editione
1335 1877 1458 1937 Schoel·

280 1976 338 2037 lius
361 1972 508 2055 probauit,
532 1973 708 2053 Spengelius
733 1982 835 2035 contra
855 1975 878 2033 Α
898 1983 1020 2035 secutus
1040 1969 1151 2035 ‘mraso'
1170 1975 1318 2053 praetulit.
1358 1975 1457 2046 Quae-

280 2076 358 2134 ritur
382 2080 480 2133 utram
504 2073 629 2132 formam
653 2074 811 2151 genuinam
836 2080 984 2151 putemus.
1030 2073 1126 2152 Atque
1150 2072 1287 2154 luerunt,
1311 2075 1362 2152 qui
1385 2091 1457 2133 uer·
1513 2053 1523 2068 ⁸

279 2171 352 2231 bum
375 2164 552 2232 ‘insuasum'
577 2171 697 2230 omnino
722 2171 873 2230 exstitisse
896 2179 1049 2249 negarent.
1094 2170 1167 2230 Nam
1198 2189 1273 2250 quae
1299 2179 1459 2249 praeterea

279 2270 338 2330 huc
363 2275 498 2347 spectant
526 2268 654 2347 glossae:
690 2270 770 2331 Paul.
797 2268 859 2330 111
894 2270 1056 2329 Iosuosum
1094 2270 1290 2345 appellabant
1325 2272 1460 2329 colorem

280 2370 406 2431 similem
434 2370 527 2443 iuteo,
558 2371 612 2443 qui
634 2370 731 2441 fiebat
757 2387 798 2429 ecc
818 2366 937 2443 fumoso
966 2369 1134 2440 stillicidio,
1162 2374 1193 2426 et
1215 2365 1381 2427 Philoxeni:
1405 2368 1459 2427 In·

280 2482 404 2525 suasum
429 2454 517 2536 εἶδος
541 2461 709 2546 δοκαρίων
731 2460 1003 2545 κεκαπνισμένων
1032 2482 1100 2526 cum
1123 2464 1172 2524 alii
1196 2466 1376 2543 scriptorum
1399 2463 1462 2524 loci

281 2581 341 2624 non
374 2571 659 2643 commemorentur,
699 2562 734 2622 ad
774 2562 902 2623 eundem
934 2562 1015 2623 hunc
1047 2562 1135 2621 Truc.
1169 2579 1291 2622 uersum
1323 2570 1461 2641 spectare

280 2660 466 2721 uerisimile
491 2668 544 2721 est.
591 2659 692 2721 Ortam
725 2669 825 2721 autem
852 2660 929 2720 hanc
959 2678 1064 2719 uocem
1088 2653 1281 2741 Galuauius²)
1309 2666 1395 2739 putat
1421 2678 1462 2719 ex

280 2767 362 2820 recta
384 2757 474 2818 buius
494 2775 601 2818 uersus
621 2760 782 2837 scriptura:
812 2759 892 2831 Quia
916 2759 993 2817 tibin
1011 2774 1102 2817 suaso
1121 2755 1256 2832 infecisti
1273 2775 1299 2816 e.
1310 2776 1337 2835 q.
1349 2775 1381 2838 s,
1400 2774 1462 2835 qua

281 2860 397 2919 ratione
426 2858 514 2917 etiam
538 2856 670 2935 Buggius
699 2865 728 2916 ct
751 2854 883 2915 Kochius
910 2855 991 2914 hunc
1020 2871 1141 2914 uersum
1170 2853 1261 2913 scribi
1285 2853 1457 2915 uoluerunt.

283 2949 429 3039 (GiNeue
438 2952 620 3014 Jahrb.CVll
629 2947 837 3035 pausum.)
846 2955 979 3014 Sensum
987 2960 1086 3012 autem
1097 2958 1268 3029 correptum
1279 2969 1344 3011 esse
1355 2960 1464 3013 censet

283 3072 319 3113 ex
337 3054 486 3115 sudorsus
504 3051 553 3113 uel
571 3053 738 3125 sub-ossus,
750 3052 841 3111 -unde
861 3068 919 3111 uox
938 3049 1039 3110 ltalica
1057 3052 1191 3110 orsiccio
1213 3055 1313 3109 ortum
1336 3050 1463 3128 ceperit.

282 3150 392 3211 Verum
426 3149 498 3209 mihi
531 3156 592 3210 tota
624 3149 697 3209 haec
726 3148 947 3228 'argumentatio
982 3146 1148 3208 claudicare
1180 3146 1310 3207 uidetur.
1355 3146 1463 3225 Neque

283 3251 362 3309 enim
386 3267 421 3308 ex
445 3250 608 3309 suborsum
627 3249 746 3307 omniuo
771 3247 836 3307 fieri
855 3248 988 3327 potuisse
1007 3263 1112 3305 uocem
1130 3262 1253 3304 suasum
1272 3243 1463 3305 crediderim.

284 3345 396 3406 Deinde
427 3347 548 3406 minime
580 3345 660 3405 huno
690 3363 814 3405 uersum
847 3343 978 3405 scribere
1011 3342 1114 3402 uelim:
1151 3344 1229 3415 Quia
1261 3344 1337 3402 tibin
1368 3360 1464 3403 suaso
1562 3397 1563 3402 ,

287 3463 311 3505 e.
323 3463 350 3524 q.
362 3462 398 3524 s,
428 3442 479 3503 sed
509 3452 672 3521 rttcumquc
696 3443 733 3503 de
760 3442 945 3503 restituendo
975 3448 1037 3501 toto
1059 3440 1117 3499 hoo
1140 3439 1205 3500 loco
1228 3442 1392 3518 cogitamus
1415 3474 1463 3483 —-

286 3549 316 3601 et
345 3540 419 3601 mihi
446 3540 568 3619 quidem
597 3559 671 3619 qnae
697 3540 864 3601 Schoellius
892 3540 1061 3619 proposuit,
1094 3537 1179 3597 ualde
1207 3536 1325 3615 placent
1350 3570 1388 3580 —
1416 3542 1463 3599 iro·
1562 3587 1563 3600 a

285 3658 376 3701 suaso
399 3647 473 3720 puto
497 3638 689 3700 scribendum
709 3656 775 3698 esse
793 3641 923 3717 primum
943 3644 1068 3715 propter
1085 3635 1332 3715 allittcrationem‚
1353 3634 1465 3696 deinde
1562 3635 1563 3708 ξ

285 3736 364 3815 quod
394 3736 486 3796 altera
518 3737 613 3796 torma
647 3730 792 3797 ‘suasum'
825 3735 1085 3815 grammaticorum
1118 3751 1238 3811 operam
1270 3732 1467 3813 laboremque
1562 3715 1564 3728 '

284 3834 353 3915 olet,
377 3852 445 3895 cum
469 3852 485 3893 a
509 3852 583 3894 uoce
608 3833 751 3893 suadendi
774 3832 938 3893 deriuetur.
1562 3817 1563 3820 ¹

295 3971 298 3979 ,
374 3933 471 4010 Atque
511 3939 545 3991 ut
583 3938 668 3991 antea
709 3930 894 4009 singulorum
931 3930 1065 3989 locorum
1096 3926 1207 4006 duplici
1236 3929 1351 3988 ratione
1383 3930 1466 4008 apud

286 4030 409 4092 Festum
433 4029 608 4091 traditorum
634 4029 756 4090 alteram
784 4014 909 4089 lor‘mam
932 4030 964 4087 in
982 4028 1016 4104 Α,
1039 4025 1160 4086 alteram
1183 4026 1215 4085 in
1237 4024 1260 4085 P
1282 4028 1468 4107 inuenimuS,

288 4131 330 4189 sic
345 4131 403 4188 iam
418 4146 477 4189 non
492 4126 579 4189 modo
594 4135 718 4207 rectam,
736 4127 824 4187 modo
844 4126 947 4186 falsam
966 4126 1146 4202 scripturam
1164 4132 1214 4184 aut
1234 4123 1467 4185 Ambrosianum

288 4235 339 4287 aut
357 4226 504 4286 Palatinos
522 4224 668 4304 praebere
687 4224 835 4306 uidemus,
859 4222 911 4283 sed
930 4221 1054 4283 Palatini
1073 4239 1190 4300 semper
1209 4229 1315 4303 rectas,
1337 4222 1468 4283 Ambro-

359 4433 386 4502 1)
405 4430 446 4485 Cf.
466 4430 525 4486 eius
543 4430 610 4487 edit.
630 4430 690 4495 Mil.
710 4430 781 4501 glor.
801 4461 834 4471 -
854 4431 885 4500 2)
899 4426 1050 4483 Forcellini
1071 4427 1249 4483 insumam&
