3192 5209
616 1316 719 1399 Gap.
746 1318 775 1383 I.

197 1466 216 1543 ἓ
244 1466 269 1526 l.
317 1465 494 1525 Fabularum
523 1465 723 1524 Plautinarurn
754 1482 822 1523 eum
850 1479 905 1541 per
933 1464 1058 1524 multum
1087 1475 1205 1543 tempus
1233 1486 1280 1526 eo-

109 1564 189 1623 dices
213 1574 326 1624 tantum
358 1564 544 1624 saeculorum
574 1563 723 1622 undecimi
751 1561 978 1641 duodecimique
1011 1572 1042 1622 et
1073 1562 1146 1623 adeo
1179 1582 1281 1623 recen·

107 1664 192 1721 tioris
221 1664 324 1721 aetatis
354 1663 417 1721 noti
445 1669 558 1739 esseut,
591 1660 626 1719 ab
655 1662 758 1737 eisque
792 1662 888 1718 omnis
920 1678 968 1718 ars
1001 1661 1103 1719 critica
1132 1660 1281 1738 proficisci

110 1758 244 1838 deberet,
277 1777 421 1837 prospero
455 1778 524 1818 casu
558 1760 673 1835 euenit,
705 1766 739 1817 ut
766 1758 824 1817 boc
853 1757 971 1817 saeculo
1004 1756 1040 1816 ab
1068 1756 1178 1836 Angelo
1206 1758 1281 1817 blaio

110 1858 201 1917 codex
224 1857 437 1917 Ambrosianus
461 1858 625 1934 rescriptos
655 1855 765 1915 saeculi
798 1858 896 1933 quarti
925 1854 974 1915 uel
1007 1858 1103 1934 quinti
1130 1855 1281 1934 detegere-

111 1966 159 2015 tur
188 1966 217 2016 et
244 1958 390 2034 imprimis
418 1974 433 2015 a
458 1954 489 2014 F.
505 1953 666 2014 Ritscbelio
690 1954 725 2014 ad
751 1952 865 2013 fabulas
888 1953 985 2013 Plauti
1010 1954 1209 2013 restituendas
1233 1954 1281 2013 ad-

107 2054 268 2114 hiberetur.
316 2053 373 2113 Sed
403 2062 433 2112 et
459 2054 540 2112 bunc
569 2052 701 2111 codicem
730 2062 760 2112 et
787 2047 871 2111 alios'
897 2071 965 2111 cum
998 2060 1094 2111 aetate
1122 2051 1210 2132 longe
1234 2072 1282 2113 su-

108 2162 212 2230 perent
236 2154 497 2230 grammaticorum
523 2150 732 2209 nonnullorum
758 2148 840 2228 libri,
869 2152 975 2209 merito
1000 2150 1031 2208 bi
1059 2165 1179 2229 quoque
1204 2153 1283 2211 uiro-

108 2268 173 2308 rrun
208 2250 363 2310 doctorum
397 2249 498 2309 oculos
532 2250 562 2306 in
595 2265 627 2305 se
661 2255 891 2306 conuerterunt:
932 2265 991 2325 quo
1025 2248 1135 2307 lactum
1171 2258 1217 2308 est
1250 2260 1283 2310 ut

107 2348 192 2407 multi
220 2366 339 2407 errores
368 2347 495 2407 feliciter
524 2344 763 2404 emendaremur.
809 2343 854 2402 Ex
882 2345 929 2404 bis
959 2354 1059 2405 autem
1082 2350 1283 2424 grammaticis

108 2455 225 2523 praeter
258 2456 374 2506 ceteros
402 2444 510 2505 Festus
539 2442 707 2519 Paulusque
743 2443 923 2519 respiciendi
956 2452 1025 2503 sunt
1060 2462 1127 2504 cum
1159 2455 1283 2523 propter

109 2544 327 2603 multitudinem
348 2561 491 2603 uersuum
510 2541 725 2620 plautinorum,
750 2550 813 2600 tum
833 2551 957 2619 propter
981 2549 1116 2621 aetatem,
1140 2543 1282 2621 adquam

106 2660 209 2701 eorum
238 2644 348 2719 scripta
378 2642 519 2701 redeunt:
550 2639 677 2699 redeunt
706 2640 784 2698 enim
814 2638 848 2698 ad
873 2638 959 2699 Verri
983 2639 1078 2699 Flacci
1109 2639 1146 2698 de
1177 2640 1282 2700 uerbo-

106 2759 172 2799 rum
209 2740 423 2817 significatione
456 2757 545 2818 opus,
583 2736 662 2816 quod
697 2735 752 2795 sub
781 2738 915 2814 Augusto
949 2739 1128 2815 imperatore
1164 2756 1281 2816 compo-

106 2839 196 2896 situm
225 2847 278 2895 cst.
329 2835 425 2895 Huius
454 2838 532 2895 enirn
562 2836 839 2914 operis-epitomen
871 2836 991 2894 circiter
1021 2834 1117 2894 medio
1151 2836 1282 2896 secundo

104 2946 173 3013 post
199 2934 350 2994 Christum
368 2928 475 2994 'natum
500 2934 617 2994 saeculo
642 2934 713 2993 lecit
737 2933 899 3011 Pompeius
922 2916 1038 3012 Festus,
1062 2952 1149 3010 quam
1174 2937 1282 2994 iterum

105 3044 211 3093 octauo
245 3033 292 3093 uel
325 3034 410 3091 initio
451 3034 522 3091 noui
560 3034 709 3109 excerpsit
741 3031 859 3090 Paulus.
915 3033 1011 3109 Atque
1046 3031 1130 3091 Pauli
1163 3031 1282 3110 quidem

104 3134 233 3208 epitome
267 3132 338 3190 satis
372 3148 469 3189 macra
504 3138 537 3189 ut
565 3132 679 3208 integra
708 3128 743 3187 ad
772 3131 945 3188 memoriam
973 3137 1106 3188 nostram
1135 3132 1283 3207 peruenit,

103 3233 144 3288 ita
177 3229 257 3288 Festi
286 3230 385 3306 operis
414 3227 506 3287 multo
534 3227 670 3305 largioris
702 3226 858 3286 dimidium
892 3234 1006 3287 tantum
1041 3235 1128 3305 atque
1161 3226 1191 3286 id
1221 3228 1281 3303 igni

104 3329 211 3406 partim
250 3325 439 3404 absumptum
478 3325 563 3384 nobis
601 3333 753 3385 seruatum
792 3333 846 3383 est.
907 3324 991 3401 Apud
1031 3324 1152 3383 Festum
1190 3326 1281 3403 igitur

102 3426 287 3503 Paulumque
325 3443 400 3502 quae
437 3433 553 3483 exstant
589 3424 752 3501 Fragmenta
785 3420 923 3480 Plautina
953 3422 1008 3479 etsi
1038 3438 1126 3499 saepe
1156 3423 1213 3479 iam
1245 3422 1280 3481 ad

103 3524 306 3583 restituendos
331 3522 464 3600 singulos
489 3522 570 3581 locos
590 3520 718 3580 adbibita
739 3527 818 3599 sunt,
844 3530 941 3579 tamen
962 3518 1093 3578 nondum
1113 3520 1280 3597 quaesitum

103 3631 165 3699 est,
198 3638 273 3697 quae
303 3623 423 3679 omnino
455 3630 534 3679 esset
563 3620 637 3679 ratio
666 3621 744 3678 inter
772 3636 805 3677 ea
835 3617 1011 3695 codicesque
1040 3625 1173 3677 nostros:
1201 3618 1279 3693 quod

103 3720 306 3778 necessarium
326 3736 391 3777 esse
416 3720 440 3777 si
465 3720 606 3776 maiorem
630 3715 780 3775 nonnullis
804 3732 907 3775 eorum
933 3714 1033 3789 ddem,
1060 3731 1148 3791 quam
1171 3714 1279 3773 codici-

102 3817 161 3877 bus
186 3818 296 3875 nostris
325 3816 433 3875 babere
462 3816 614 3895 uolumus,
644 3813 729 3874 facile
757 3823 889 3891 apparet.
935 3812 1016 3882 Quae
1045 3814 1162 3890 questio
1191 3812 1279 3871 simul

100 3924 261 3994 propterea
287 3916 404 3973 maximi
427 3916 568 3973 momenti
592 3922 652 3993 est,
681 3910 760 3992 quod
789 3930 826 3970 ex
854 3911 900 3970 bis
925 3912 1099 3989 fragmentis
1123 3919 1182 3970 tam
1206 3912 1280 3969 anti·

102 4010 164 4090 quo
197 4014 323 4090 tempori
352 4012 517 4072 tribuendis
546 4012 702 4087 imaginem
733 4008 819 4069 nobis
847 4010 958 4087 lingere
987 4025 1146 4087 possumus
1175 4025 1279 4067 eorum

101 4113 250 4189 codicum,
275 4109 384 4187 quibus
408 4112 503 4187 primo
528 4117 594 4169 ante
614 4107 765 4166 Christum
790 4115 892 4165 natum
917 4104 1035 4166 saeculo
1059 4104 1174 4164 labulae
1193 4104 1278 4165 Flau-

100 4212 182 4269 tinae
211 4204 392 4265 ferebantur.
438 4203 501 4263 lloc
529 4212 627 4264 autem
655 4202 733 4281 quod
763 4202 849 4262 nobis
877 4205 1063 4282 propositum
1094 4209 1153 4281 est,
1177 4202 1279 4280 'ptius-

100 4324 190 4384 quam
216 4302 413 4381 aggredimur,
436 4306 473 4361 ne'
498 4304 564 4381 quis
588 4302 667 4362 dicat
692 4308 742 4359 aut
761 4299 884 4360 Festum
902 4312 953 4361 aut
972 4300 1095 4361 Paulum
1116 4302 1279 4379 lragmcbta

101 4404 268 4463 secuudum
289 4400 422 4460 codicem
446 4398 524 4460 illius
548 4418 606 4477 qua
629 4401 755 4477 quisque
775 4399 868 4458 luerit
887 4401 991 4458 aetatis
1011 4399 1183 4479 mutauisse,
1207 4398 1278 4477 quid

101 4502 139 4562 dc
165 4501 220 4560 bac
246 4512 278 4562 re
303 4496 388 4557 nobis
412 4495 601 4557 iudicandum
622 4498 669 4578 sit,
692 4496 826 4557 breuiter
845 4504 891 4557 est
910 4497 1125 4576 exponendum.
1161 4497 1279 4569 Quare

548 4679 824 4787 ,829052
