3192 5209
730 386 978 452 „250-

265 536 373 614 uersus
400 554 545 613 condicio·
565 563 611 614 est
639 553 745 613 Pseud.
770 548 866 632 1278,
895 554 987 612 cuius.
1004 552 1184 610 mentionem
1211 551 1275 609 lieri
1298 569 1343 630 ap.
1363 548 1443 616 Fest.

265 669 292 729 p.
320 648 380 711 161
408 669 430 711 s,
455 670 482 713 u.
507 654 625 713 Naeuia
656 651 703 709 bis
734 651 851 711 laciniis
879 652 933 709 ubi
960 667 1034 723 erqo
1056 694 1062 707 .
1082 695 1088 707 .
1109 695 1115 707 .
1136 694 1142 706 .
1166 649 1225 707 uiri
1252 648 1332 708 docti
1356 656 1442 727 puta-

267 750 367 807 uerint
389 750 536 826 imprimis
560 750 639 828 quod
663 758 693 808 et
717 749 768 809 bic
788 759 819 808 et
841 746 884 807 ibi
907 762 1013 805 uocem
1033 747 1167 805 naeniam
1188 743 1340 805 babemus.
1366 743 1443 805 Nam

1388 840 1407 878 s

1397 851 1428 877 ,,

267 917 341 977 quae
370 907 523 976 praeterea
556 901 587 959 in
621 900 773 961 codicibus
803 909 873 959 sunt
907 891 972 979 (BC
1001 899 1057 956 tibi
1083 901 1321 971 circumuortor,
1343 896 1367 957 b
1388 899 1449 957 ubi

267 989 509 1079 circumuortor)
534 996 620 1057 ualde
644 998 703 1058 illis
726 998 879 1058 dissimilia
905 1005 982 1056 sont.
1011 994 1132 1055 Accedit
1155 994 1234 1073 quod
1253 1002 1346 1056 totam
1365 994 1446 1059 banc

267 1113 329 1155 rem
354 1094 556 1155 difficillimam
581 1095 677 1159 reddit
702 1098 810 1155 corotici
833 1095 913 1155 bunc
943 1111 1064 1153 uersum
1093 1111 1173 1174 esse,
1201 1093 1282 1171 quod
1312 1094 1447 1153 editores

269 1194 360 1251 orariis
389 1191 485 1251 modis
514 1184 684 1252 metiuntur.
737 1192 918 1253 Ritscbelius
951 1192 1031 1250 enim
1061 1191 1104 1249 sio
1135 1192 1270 1268 scripsit:
1307 1193 1445 1251 Circum-

224 1344 226 1351 ,
267 1297 383 1368 uerior,
407 1291 500 1349 eodo:
524 1293 615 1350 uenia
639 1293 710 1351 ludo
734 1294 768 1351 id
785 1292 855 1365 [uit.
908 1290 1083 1351 Lorenzius:
1111 1290 1148 1348 Ut
1170 1306 1216 1349 me
1239 1296 1367 1362 amaret,
1390 1291 1448 1349 obi

196 1384 199 1391 ’
268 1391 494 1447 circumuortor
522 1390 609 1447 eodo.
657 1387 689 1447 Si
720 1387 755 1448 ad
782 1388 863 1447 luruc
891 1405 1014 1447 uersum
1043 1395 1177 1464 spectare
1206 1395 1345 1464 putamus
1377 1384 1447 1446 illas

268 1484 348 1545 Festi
375 1485 509 1564 laomim,
538 1496 608 1545 tuno
644 1480 781 1566 Boggii¹)
812 1487 983 1546 coniectura
1016 1482 1254 1562 commendatur,
1284 1486 1335 1561 qui
1364 1483 1445 1561 apud

269 1582 388 1641 Festum
413 1584 467 1642 ubi
489 1601 577 1662 erqo,
602 1586 630 1641 io
655 1582 809 1643 codicibus
833 1594 992 1662 propterea
1016 1585 1069 1643 udi
1091 1600 1165 1656 ereo
1188 1588 1296 1641 uortor
1320 1581 1369 1641 uel
1392 1583 1450 1641 ubi

270 1698 343 1754 erqo
368 1684 508 1740 iuuortor
531 1679 622 1740 latere
647 1684 771 1759 putauit.
819 1681 922 1759 Neque
951 1689 1049 1739 tamen
1077 1680 1113 1739 de
1142 1678 1197 1738 bac
1225 1698 1258 1737 re
1282 1677 1447 1738 diiudicare

267 1780 371 1838 ausim.
423 1776 506 1838 Pauli
534 1777 661 1855 glossam
690 1797 718 1856 p.
748 1775 790 1838 69
829 1781 974 1851 Dirioere
1007 1779 1092 1853 opud
1118 1778 1260 1835 Plautum
1288 1779 1449 1837 inuenitur

264 1893 323 1949 pro
348 1877 519 1949 discedere,
548 1893 623 1953 quae
652 1874 687 1935 ad
712 1874 799 1936 Coro.
823 1873 889 1935 424
913 1874 1004 1934 relata
1027 1882 1083 1954 est,
1105 1876 1162 1932 iam
1187 1891 1255 1932 cum
1279 1872 1328 1932 illo
1353 1893 1447 1935 uersu

157 1964 160 1971 ’
268 1972 433 2031 secondum
455 1970 478 2029 B
503 1974 621 2032 dissicit
648 1971 698 2033 uel
726 1977 851 2035 disserit
879 1971 1068 2032 scribendum
1097 1989 1163 2031 esse
1196 1980 1326 2051 constet,
1358 1990 1448 2032 nemo

168 2144 173 2155 '
270 2073 336 2151 erit,
356 2073 406 2149 qui
427 2089 462 2129 eo
483 2077 617 2148 spectaro
637 2080 730 2150 putet.
755 2066 813 2151 (dl.
835 2070 919 2131 llibb.
938 2089 1012 2130 com.
1032 2068 1115 2130 Rom.
1135 2061 1451 2147 lragm.²prael.XlV.

269 2163 442 2227 Fleckeisen
465 2166 565 2227 Jahrb.
599 2166 675 2249 121,
712 2165 796 2251 122.)
830 2170 920 2229 Recte
951 2167 1077 2226 sortasse
1100 2165 1136 2225 ad
1161 2166 1242 2244 Capi.
1267 2163 1331 2227 521
1355 2167 1449 2227 relata

270 2273 348 2342 sunt,
372 2282 446 2341 qliae
471 2265 548 2341 apud
570 2264 690 2325 Festum
711 2286 739 2345 p,
758 2264 819 2326 133
835 2285 857 2327 s.
872 2285 901 2326 a.
916 2264 1144 2323 Marticolarom
1164 2272 1295 2325 exstant:
1319 2267 1451 2325 Plautus

267 2364 324 2421 boe
348 2364 527 2435 sionifieure
550 2365 683 2436 uidetur,
706 2367 816 2437 quibus
839 2366 973 2438 quotidie
992 2380 1116 2437 paruae
1139 2380 1241 2422 noxae
1263 2371 1450 2437 exteryeoa·

269 2467 329 2518 tur.
350 2456 498 2533 frequens
522 2464 600 2519 enim
623 2464 756 2534 antiquis
780 2463 824 2520 od
845 2478 952 2520 munos
980 2462 1145 2533 ierueudos
1174 2478 1247 2519 usus
1272 2458 1336 2535 soit
1363 2478 1449 2520 men-

268 2560 403 2616 telorum.
450 2554 552 2633 Neque
577 2563 674 2615 tameo
703 2560 778 2617 certi
806 2557 966 2636 qrridquam
990 2555 1026 2615 de
1050 2576 1084 2616 ea
1113 2575 1146 2616 re
1174 2556 1316 2617 affirmari
1338 2565 1451 2635 potest.

267 2745 347 2813 quusi
366 2744 477 2798 lucerua
496 2785 635 2798 ......
668 2745 770 2814 Auito
803 2748 879 2800 'iiiuc
906 2747 967 2800 iore
985 2747 1065 2799 dieto.
1099 2744 1143 2797 Ad
1162 2746 1213 2799 Ito
1231 2744 1265 2799 cf.
1286 2745 1362 2800 Trio.
1382 2752 1449 2802 835.

268 2822 309 2877 ua
343 2839 414 2890 quae
448 2824 482 2877 de
511 2824 565 2878 boc
599 2842 681 2878 uersu
714 2826 887 2880 restituendo
916 2826 975 2895 egit
1006 2824 1215 2879 Britelmeierus
1243 2824 1351 2895 (Progr.
1371 2826 1396 2879 d.
1417 2826 1446 2880 k.

269 2903 459 2958 Studienanst.
486 2924 520 2958 zu
546 2906 692 2959 Landshub
717 2911 841 2977 morsos
860 2926 886 2976 p.
906 2910 934 2973 6)
953 2907 1070 2975 probare
1089 2922 1145 2960 non
1162 2922 1285 2974 possum.
1328 2904 1450 2974 Scripsit

267 2986 375 3117 eJtusserssr:
405 2984 451 3039 Fit
474 2984 609 3055 magister
634 2985 714 3055 quasi
737 2987 852 3041 lucerna
878 2986 985 3041 Punica
1003 2987 1153 3040 exornatus
1178 2985 1224 3040 sib.
1259 3017 1291 3027 -
1321 2988 1347 3053 1)
1366 2985 1448 3038 Neue

287 3070 437 3133 cruor,
456 3070 516 3119 ros.
