3192 5209
787 423 1027 489 -210-

321 587 375 668 sit,
403 586 477 649 nihil
505 586 637 666 obstare,
673 590 834 667 quominus
863 590 927 649 eius
954 590 1099 649 rationem
1132 607 1148 648 a
1178 591 1369 668 grammatico
1396 587 1516 668 aliquo

322 686 353 743 in
386 683 493 744 tabulis
535 682 679 744 Plautinis
719 684 880 746 adhibitam
919 704 986 746 esse
1023 693 1171 763 putemus.
1217 686 1275 747 Sed
1315 686 1514 747 Studemun-

323 780 379 841 dus
409 783 472 859 ipse
511 780 590 859 quod
617 800 646 859 p.
670 778 714 842 40
742 799 774 841 se
807 782 1080 843 demonstraturum
1112 802 1177 845 esse
1209 784 1380 862 pollicetur:
1419 778 1514 844 ‘dass

323 878 376 939 der
405 876 589 958 Recensent‚
627 878 680 939 auf
706 878 838 939 uelchen
872 879 926 940 der
953 879 1211 942 Ambrosianische
1239 880 1338 943 Codex
1369 882 1512 963 zurdclr-

322 973 402 1054 geht,
425 974 501 1035 nach
525 975 592 1035 dem
616 975 823 1053 griechischen
842 976 984 1038 Metrilrer
1001 977 1143 1039 Heliodor
1165 979 1263 1058 gelebt
1284 974 1356 1059 hat',
1379 998 1414 1040 se
1442 998 1511 1039 non

321 1076 576 1135 demonstrauisse
603 1093 632 1153 p.
655 1071 698 1135 49
722 1075 846 1154 latetur,
874 1093 942 1135 cum
970 1093 1039 1135 eum
1067 1076 1170 1137 saltem
1199 1079 1251 1156 qui
1273 1085 1369 1137 metra
1392 1095 1509 1137 recen-

320 1175 417 1233 suerit
446 1180 514 1249 post
541 1170 734 1232 Heliodorum
764 1172 902 1232 lloruisse
932 1190 968 1232 ex
998 1192 1032 1233 ea
1062 1193 1095 1234 re
1124 1174 1261 1235 concludi
1289 1192 1378 1252 posse
1410 1174 1508 1233 dicat.

320 1271 366 1329 An
404 1288 477 1331 uero
512 1287 580 1329 enm
617 1272 669 1347 qui
706 1268 870 1329 secundum
906 1270 986 1330 illam
1021 1270 1173 1332 Heliodori
1209 1273 1326 1331 metrici
1360 1288 1506 1329 normam

321 1386 430 1429 uersus
463 1374 513 1427 aut
550 1368 700 1445 promouit
737 1373 788 1426 aut
825 1368 954 1427 inseruit
988 1386 1111 1429 necesse
1144 1376 1190 1429 est
1221 1368 1349 1429 eundem
1381 1377 1506 1446 putare,

321 1484 376 1544 per
401 1482 489 1543 quem
513 1464 697 1524 dillerentiae
720 1463 786 1523 illae
810 1466 1003 1542 grauissimae
1021 1467 1053 1525 iu
1072 1473 1186 1526 textum
1203 1461 1425 1543 peruenerint?
1459 1468 1504 1524 Ac

322 1570 421 1622 tamen
447 1563 497 1639 qui
520 1561 557 1620 de
581 1561 691 1639 duplici
715 1564 890 1623 recensione
913 1570 1005 1640 agunt
1027 1564 1172 1642 imprimis
1195 1562 1232 1622 de
1255 1561 1302 1621 his
1325 1562 1502 1640 discrepan-

321 1661 371 1719 tiis
401 1662 539 1737 cogitant.
586 1656 683 1727 Quare
717 1662 775 1719 etsi
807 1659 1012 1720 Studemundo
1045 1660 1235 1720 concedimus
1268 1658 1291 1716 t
1323 1658 1373 1718 uel
1406 1661 1501 1719 etiam

320 1754 376 1839 ΡΙ)
405 1758 570 1819 secundum
598 1754 750 1821 Heliodori
782 1776 918 1818 normam
939 1760 1067 1837 scriptos
1090 1758 1238 1837 quondam
1262 1775 1341 1835 esse,
1373 1756 1445 1817 inde
1471 1759 1500 1815 ei

321 1858 500 1935 quaestioni,
533 1873 591 1933 quo
624 1862 758 1932 tempore
791 1855 858 1916 illae
890 1858 969 1915 inter
995 1856 1020 1914 Α
1048 1865 1078 1915 et
1106 1856 1128 1915 P
1157 1856 1354 1934 differentiae,
1386 1854 1417 1913 id
1451 1864 1499 1914 est

322 1954 398 2015 duae
422 1955 622 2033 recensiones,
645 1960 728 2011 ortae
752 1954 821 2031 sint,
844 1952 917 2013 nihil
938 1953 1015 2013 lucri
1038 1946 1202 2034 affertur.²)

409 2049 509 2129 Longe
533 2048 620 2109 aliam
643 2047 825 2126 Bergkius
848 2053 1026 2111 sententiam
1045 2060 1167 2112 secutus
1186 2043 1272 2132 esd),
1296 2052 1348 2128 qui
1367 2052 1494 2129 primam

321 2150 516 2209 mutationem
539 2145 652 2207 lahulas
674 2144 826 2206 Plautinas
848 2166 1006 2227 perpessas
1030 2168 1096 2209 esse
1119 2157 1204 2229 putat
1226 2166 1286 2208 non
1309 2147 1402 2207 multo
1426 2154 1495 2227 post

324 2248 499 2308 Terentium
531 2251 695 2323 mortuum,
730 2261 790 2321 quo
818 2249 954 2325 temporo
986 2264 1036 2306 eas
1063 2249 1172 2306 iterum
1200 2253 1312 2305 mutata
1339 2246 1433 2305 lorma
1463 2247 1493 2304 in

322 2363 427 2407 scaena
455 2351 535 2405 actas
563 2358 629 2401 esse
658 2335 817 2423 constat24)
861 2342 974 2404 Eodem
1001 2353 1101 2405 autem
1128 2354 1263 2422 tempore
1287 2360 1355 2403 cum
1379 2342 1492 2402 tabulae

321 2449 482 2505 retractata
501 2442 596 2501 lorma
617 2440 647 2498 in
668 2456 804 2499 scaenam
819 2442 1091 2517 committerentur,
1109 2440 1242 2519 exempla
1262 2442 1356 2518 magis
1375 2448 1491 2500 uetusta

321 2548 409 2619 atque
425 2540 553 2618 genuina
574 2536 708 2615 neglecta
729 2536 919 2598 intercidisse
936 2547 1028 2617 putat.
1056 2539 1158 2616 Neque
1173 2537 1317 2597 hahemus
1330 2537 1409 2615 quod
1423 2537 1490 2596 huic

321 2638 487 2697 sententiae
510 2636 618 2695 merito
642 2636 753 2711 opponi
775 2637 879 2713 possit.
920 2636 981 2696 lam
1003 2655 1077 2697 uero
1096 2643 1215 2715 praeter
1233 2634 1309 2694 hanc
1328 2634 1489 2695 tabularum

322 2736 517 2795 mutationem
540 2731 663 2793 alteram
684 2740 788 2809 postea
812 2732 918 2793 tactam
941 2752 1017 2815 esse,
1040 2752 1098 2812 qua
1115 2731 1230 2793 indoles
1248 2731 1412 2793 fabularum
1430 2751 1488 2792 ser·

322 2841 402 2912 nata,
434 2832 529 2891 torma
552 2831 644 2907 magis
669 2838 781 2890 mutata
805 2834 851 2892 sit.
897 2834 994 2912 Atque
1017 2831 1107 2892 huius
1130 2830 1253 2891 alterius
1275 2831 1488 2890 retractationis

321 2932 448 3008 uestigia
472 2927 557 2989 nobis
586 2935 705 2987 seruata
736 2946 803 2987 esse
833 2928 905 2989 dicit
932 2930 1141 2989 recensionum
1168 2935 1338 2988 nostrarum
1365 2928 1388 2987 l
1415 2927 1486 2988 etP

321 3028 512 3089 differentias.
560 3024 619 3085 Sed
643 3043 706 3085 eam
735 3044 854 3104 quoque
883 3026 1049 3087 tabularum
1079 3025 1282 3086 Plautiuarum
1311 3028 1484 3086 retractatio-

321 3143 390 3185 nem
418 3121 614 3184 histrionibus
642 3140 708 3181 esse
737 3122 939 3205 tribuendam,
973 3125 1052 3202 quod
1080 3123 1253 3185 Truculenti
1281 3122 1413 3202 exemplo
1438 3122 1483 3182 de-

322 3230 514 3287 monstretur.
560 3220 656 3297 Atque
689 3219 735 3280 his
764 3221 978 3282 mutationibus
1010 3222 1100 3282 linem
1126 3222 1234 3281 fecisse
1262 3220 1378 3282 delium
1405 3220 1483 3281 Stilo·

322 3338 405 3381 ncm:
429 3320 566 3397 sequitur
593 3324 627 3376 ut
655 3327 722 3379 ante
745 3336 856 3378 annum
883 3337 912 3378 u.
936 3337 961 3380 c.
984 3315 1050 3380 650
1079 3337 1129 3378 eae
1158 3336 1277 3397 quoque
1306 3337 1381 3396 quae
1404 3318 1482 3378 nobis

323 3427 458 3479 seruatae
482 3423 553 3477 sunt
576 3416 766 3477 recensiones
790 3418 884 3477 tactae
907 3434 975 3477 esse
998 3415 1166 3477 uideantur.

410 3514 492 3576 Hanc
520 3532 594 3573 uero
622 3512 741 3591 Berglrii
774 3515 965 3594 sententiam,
997 3516 1050 3592 qui
1084 3513 1285 3574 Palatinorum
1318 3523 1348 3575 et
1371 3513 1481 3575 Ambro-

323 3616 398 3675 siani
422 3613 636 3691 discrepantias
655 3630 691 3671 cx
714 3610 893 3671 histrionum
916 3611 1130 3671 mutationibus
1154 3610 1279 3672 consilio
1303 3612 1389 3671 lactis
1409 3621 1480 3672 ortas

322 3720 416 3792 putat,
439 3704 639 3790 Schoelhus5)
663 3709 814 3789 refutauit,
838 3726 906 3770 cum
930 3708 1069 3770 omnihus
1087 3712 1131 3770 eis
1149 3709 1326 3769 Truculenti
1347 3709 1480 3789 uersibus,
1503 3707 1512 3728 ⁰

395 3931 421 3996 1)
440 3928 470 3981 L.
490 3926 509 3981 l.
528 3945 555 3996 p.
575 3932 609 3981 47
633 3924 695 3997 adn.
715 3931 740 3981 3,
760 3956 794 3965 -
822 3928 851 3994 2)
871 3924 1027 3995 Oportebat
1048 3924 1159 3996 longius
1183 3926 1218 3981 de
1241 3924 1286 3979 his
1309 3939 1402 3994 agere,
1422 3940 1477 3978 cum

321 4007 372 4063 alii
404 4024 421 4063 a
448 4006 638 4061 Siudomundo
665 4006 877 4080 comprobatum
913 4023 973 4060 esse
1004 4006 1168 4075 putauerint
1201 4006 1230 4059 ei
1260 4006 1362 4073 putent
1396 4020 1478 4058 recen·
1559 4067 1560 4072 ἵ

322 4090 428 4143 sionem
445 4084 470 4138 A
483 4090 548 4156 post
565 4085 645 4139 illum
658 4084 840 4141 Heliodorum
859 4086 1007 4141 metricum
1021 4088 1112 4140 ortam
1125 4102 1194 4153 esse,
1208 4087 1241 4145 ut
1254 4084 1373 4139 Teuffel:
1392 4083 1476 4139 (leuch.
1559 4099 1560 4142 3

322 4168 372 4223 der
394 4174 463 4223 riim.
486 4166 551 4220 Litt.
573 4172 614 4233 99,
636 4171 684 4219 10:
715 4165 784 4219 ‘Der
807 4165 934 4220 Urhebcr
956 4167 1006 4221 der
1027 4166 1183 4220 Recension
1205 4166 1254 4219 des
1273 4165 1298 4216 A
1320 4181 1395 4219 muss
1413 4165 1476 4217 nach
1559 4145 1560 4208 Ῐ

323 4249 387 4301 dem
401 4246 536 4301 Meiriker
549 4244 684 4300 Heliodor
692 4244 749 4299 und
758 4263 810 4301 vor
819 4246 884 4301 dom
893 4246 1100 4301 Grammatiker
1113 4245 1254 4301 Charisius
1269 4244 1366 4313 gelebt
1378 4242 1474 4298 haben’

323 4360 357 4369 —
381 4332 409 4396 3)
430 4325 635 4381 Anslnuiendes
658 4326 682 4379 D
705 4324 744 4379 im
772 4324 849 4381 alien
872 4324 980 4381 Laiein.
1021 4325 1075 4379 Ein
1097 4324 1212 4395 Beiireg
1240 4343 1288 4379 aur
1310 4323 1476 4380 lateinisches
1558 4333 1559 4406 l

322 4407 498 4463 Grammahilr
519 4422 573 4461 von
590 4406 720 4460 Theodor
738 4405 840 4475 Bergk,
858 4424 904 4475 pp.
922 4413 1070 4461 121-142.
1089 4438 1124 4448 -
1147 4407 1175 4473 4)
1195 4404 1300 4459 Riisch.
1319 4404 1379 4457 Par.
1397 4405 1475 4472 1187,
1558 4411 1559 4466 t

325 4495 382 4543 188.
402 4520 435 4528 —
457 4490 484 4557 5)
503 4487 630 4541 Analect.
650 4485 741 4539 Plani.
761 4504 808 4554 pp.
829 4472 928 4539 1-14T
