3192 5209
594 415 748 479 -203
793 453 834 461 .-

126 588 173 641 est
198 581 237 637 ita
261 597 328 645 eum
353 581 458 659 egisse,
486 588 519 639 ut
542 578 622 645 locos
647 598 663 637 e
687 579 884 656 scriptoribus
907 580 1008 645 allatos
1032 580 1191 659 plerosque
1214 584 1298 641 omit-

126 685 212 735 teret.
259 676 293 735 ln
322 678 368 737 eis
394 686 506 755 autern,
530 694 605 755 quae
634 678 712 755 apud
740 696 809 747 eum
832 686 961 757 exstant,
989 678 1152 745 Muellerus
1179 676 1299 756 quidem

126 790 163 833 ex
188 792 242 833 suo
265 774 418 835 doctrinae
443 793 521 852 penu
546 776 722 853 paucissima
747 794 816 835 eum
840 775 986 836 addidisse
1005 783 1104 855 putat,
1134 775 1299 838 Dirksenus

124 880 228 931 contra
256 869 298 949 (p.
325 868 402 953 139)
435 875 465 931 in
498 872 604 951 glossis
637 871 671 931 ad
705 874 752 936 ins
785 872 1005 950 pertinentibus
1038 874 1197 951 quidquam
1227 891 1297 933 eum

123 960 272 1035 addidisse
305 988 359 1029 suo
390 973 455 1031 iure
487 978 581 1049 negat.
629 969 721 1030 Nobis
750 970 859 1029 ceteris
883 970 984 1028 missis
1009 969 1044 1027 ad
1074 988 1138 1029 rem
1161 974 1298 1049 proposi-

124 1077 184 1127 tam
208 1069 411 1145 quaerendum
427 1076 486 1128 »est
514 1071 645 1147 primum
674 1076 775 1133 utrum
804 1084 908 1125 omnes
936 1066 1018 1127 locos
1040 1066 1191 1130 Plautinos
1220 1068 1298 1148 apud

123 1164 247 1226 Festum
280 1167 383 1227 allatos
416 1185 450 1226 ex
475 1166 560 1225 Verri
584 1163 681 1229 Flacci
712 1163 856 1243 opusculo
885 1173 1021 1243 sumptos
1054 1184 1120 1228 esse
1150 1174 1299 1247 putemus,

124 1262 233 1324 deinde
262 1283 318 1342 qua
348 1263 404 1325 fide
435 1264 542 1326 Festus
574 1266 606 1325 in
637 1263 774 1323 uersibus
808 1262 967 1324 allcrendis
989 1262 1136 1329 Plautinis
1162 1262 1299 1323 Verrium

125 1345 265 1419 Flaccum
301 1370 422 1423 secutus
455 1363 501 1421 sit.
552 1361 648 1438 Atque
687 1370 848 1439 utrumque
882 1361 936 1421 hac
969 1361 1042 1423 mihi
1075 1363 1299 1421 ratiocinatione

123 1460 264 1535 cognosci
287 1478 375 1537 posse
400 1460 529 1522 uidetur.
575 1456 682 1518 Festus
707 1460 787 1519 enim
816 1458 867 1519 uhi
890 1477 958 1519 cum
982 1458 1087 1519 Verrio
1111 1460 1215 1522 Flacco
1239 1478 1299 1520 non

123 1559 287 1635 consentit,
325 1557 376 1617 sed
414 1576 483 1617 eum
520 1560 688 1636 impugnat,
725 1556 805 1634 large
840 1561 928 1634 atque
966 1560 1085 1635 copiose
1122 1560 1301 1619 sententiam

123 1671 209 1713 suam
238 1657 366 1733 exponit.
412 1654 498 1724 Quod
527 1674 595 1716 cum
619 1656 706 1715 saciat
735 1657 765 1713 in
789 1653 880 1714 relius
910 1673 947 1713 ne
971 1655 1069 1733 dignis
1093 1656 1212 1734 quidem
1237 1655 1299 1735 ple·

123 1770 253 1830 rumque
286 1755 427 1813 memoria
456 1761 485 1817 et
513 1756 569 1833 ita,
597 1760 630 1812 ut
658 1751 767 1830 quibus
795 1752 951 1812 dissentiat
973 1771 989 1814 a
1013 1751 1116 1814 Verrio
1140 1754 1247 1835 Flacco
1269 1755 1300 1812 in

122 1850 302 1929 exploranda
330 1858 360 1914 et
384 1849 553 1929 explicanda
580 1850 677 1928 glossa
709 1843 916 1928 uersentur1),
947 1850 1033 1928 quid,
1064 1853 1088 1910 si
1114 1861 1166 1912 aut
1190 1868 1301 1911 nouam

122 1948 252 2025 glossam
276 1948 436 2009 adiecisset
461 1958 513 2009 aut
540 1948 576 2009 ad
600 1948 728 2027 glossam
756 1947 834 2026 apud
858 1946 997 2014 Verrium
1021 1947 1158 2029 Flaccum
1183 1956 1299 2009 erstan-

122 2056 184 2107 tem
210 2064 330 2105 ucrsum
355 2046 483 2125 aliquem
513 2046 675 2113 addidisset
702 2055 753 2105 aut
781 2046 949 2105 secundum
976 2046 1108 2106 codicem
1131 2046 1301 2108 Plautinum

122 2143 235 2221 aliquid
259 2145 448 2221 correxisset,
472 2144 528 2204 tale
552 2146 703 2222 negotium
728 2143 838 2203 laboris
861 2143 983 2221 plenum
1004 2143 1122 2205 silentio
1141 2164 1210 2205 eum
1230 2164 1299 2205 con-

124 2240 232 2299 iecisse
266 2238 453 2301 statuemus?
499 2240 597 2311 Quare
626 2260 701 2318 quos
729 2240 932 2304 Plautinartnn
963 2240 1129 2301 fabularum
1155 2242 1237 2303 locos
1270 2245 1300 2302 in

123 2356 201 2416 opus
225 2356 312 2398 suum
337 2338 443 2400 Festus
471 2342 597 2420 recepit,
627 2358 730 2406 omnes
758 2340 863 2399 eodem
892 2339 980 2399 modo
1004 2349 1037 2400 ut
1060 2339 1137 2418 apud
1163 2340 1299 2401 Verrium

124 2434 264 2495 Flaccum
288 2438 451 2517 invenerat,
477 2440 633 2517 scripsisse
656 2438 807 2516 putandus
830 2446 884 2498 est

625 2624 729 2737 Gap.
753 2656 802 2723 H.

216 2802 235 2878 ἓ
259 2801 289 2863 4.
336 2803 396 2863 Iam
419 2803 504 2862 aliam
528 2803 562 2862 ad
588 2806 791 2882 quaestionem
816 2802 1016 2862 accedendum
1036 2820 1101 2861 esse
1120 2812 1192 2881 puto
1210 2802 1299 2861 haud·

124 2919 275 2979 quaquam
291 2895 555 2980 superuacaneam:
570 2900 720 2961 Verrius
735 2900 888 2961 Flaccus
908 2900 999 2963 unde
1020 2919 1109 2980 quos
1128 2902 1302 2961 citauerit

124 3016 257 3057 uersus
286 2998 473 3059 Plautinos
503 3002 705 3078 sumpserit.
751 2998 824 3058 Eam
853 3007 952 3058 autem
980 3000 1184 3077 quaestionem
1213 3000 1301 3057 ratio-

124 3096 215 3156 nibus
239 3096 284 3156 his
308 3096 385 3156 solui
408 3114 495 3175 posse
520 3116 616 3175 spero.
675 3088 678 3094 ’
1166 3176 1169 3182 1

217 3193 343 3253 Fabulae
368 3213 471 3253 omnes
493 3193 654 3275 Plautinae,
678 3213 753 3273 quae
777 3194 854 3272 apud
874 3193 997 3254 Festum
1015 3194 1199 3272 Paulumque
1222 3212 1300 3253 com-

126 3304 344 3371 memorantur,
372 3299 442 3353 snnt
466 3294 586 3371 triginta
610 3299 771 3370 quattuor.‘
807 3292 950 3354 Omnium
975 3292 1054 3350 enim
1082 3310 1198 3372 earnm,
1226 3309 1301 3369 quae

125 3390 161 3447 ad
189 3397 318 3449 nostram
348 3399 552 3468 peruenerunt
580 3398 706 3449 aetatem
734 3399 854 3469 praeter
877 3408 965 3449 unam
988 3389 1167 3449 Vidnlariam
1191 3391 1302 3449 mentio

127 3488 170 3547 sit.
209 3486 348 3565 Reliquae
373 3496 481 3567 autem,
505 3503 580 3565 quae
605 3489 807 3568 nominantur,
830 3488 884 3547 hae
909 3496 992 3548 sunt:
1015 3488 1146 3567 Artemo,
1169 3485 1302 3564 Astraba,

126 3583 320 3664 Carbonaria,
349 3583 537 3662 Condalium,
567 3582 783 3665 Cornicularia,
811 3584 967 3665 Dyscolus,
992 3583 1178 3662 Feneratrix,
1203 3583 1302 3642 Frivo-

126 3680 210 3758 laria,
229 3680 383 3761 Hortulus,
401 3681 537 3741 Lenones
557 3683 676 3762 gemini,
695 3682 878 3762 Neruolaria,
897 3682 1048 3741 Parasitus
1067 3684 1160 3761 piger,
1176 3681 1304 3760 Saturio,
1380 3738 1382 3743 .

127 3779 336 3858 Sitellitergns
383 3778 480 3849 Quare
515 3782 540 3838 si
575 3789 747 3861 reputamus
779 3780 856 3858 apud
885 3778 1009 3839 Paulum
1043 3798 1130 3858 quam
1159 3798 1226 3839 raro
1252 3798 1304 3838 no-

126 3879 207 3936 mina
236 3876 456 3943 comoediarum
485 3878 661 3957 afferantur,
693 3896 797 3937 omnes
826 3887 923 3937 autem
952 3876 1005 3936 has
1038 3877 1151 3936 labulas
1185 3885 1304 3955 praeter

128 3975 270 4055 Captiuos
294 3982 324 4035 et
348 3974 589 4055 Corniculariam,
613 3993 739 4053 quarum
764 3977 881 4036 nomina
906 3993 965 4033 non
985 3983 1157 4055 occurrunt,
1181 3972 1302 4033 dimidio

128 4076 230 4153 operis
260 4072 340 4133 Festi
369 4092 463 4151 eoque
493 4076 552 4152 igni
581 4077 714 4153 grauiter
740 4072 875 4133 mutilato
905 4075 1145 4151 commemorari,
1179 4072 1303 4131 sortasse

128 4172 224 4231 multo
253 4174 395 4233 maiorem
424 4171 588 4232 fabularum
617 4170 820 4232 Plautinarum
853 4189 1011 4230 numerum
1045 4179 1105 4230 tota
1134 4169 1215 4230 Festi
1243 4172 1302 4249 epi-

203 4348 229 4412 1)
249 4343 290 4399 Of.
309 4361 403 4398 noctes:
424 4344 525 4413 Oscos,
545 4340 660 4411 Orcum,
679 4344 832 4413 Impetum,
850 4341 959 4409 Pictor,
978 4342 1169 4409 Permutatio,
1187 4342 1303 4395 'Praero-

129 4424 253 4494 gatiuae‚
271 4424 386 4491 Pedum,
399 4422 650 4493 Superuaceneum,
665 4423 790 4491 Scurrae,
805 4423 918 4477 Scerem
935 4439 1059 4491 porcum,
1074 4422 1135 4489 Sos,
1149 4420 1303 4491 Spondere,

130 4504 260 4572 Salicem,
280 4503 363 4571 Satis,
382 4504 497 4559 Tauros.
