3192 5209
603 436 845 501 -207-

138 602 228 661 etiam
252 616 332 661 nunc
356 601 509 661 codicibus
537 604 648 661 nostris
677 599 886 681 exhibeantur,
916 620 953 662 ne
983 621 998 661 a
1022 601 1126 662 Verrio
1149 600 1255 662 Flacco
1278 622 1314 663 ex

138 701 212 778 ipsis
243 698 398 759 codicibus
427 698 571 760 Plautinis
599 708 732 777 sumptas
761 717 826 758 csse
857 708 1033 780 statuamus,
1061 719 1167 760 causae
1196 699 1315 761 obstant

35 838 38 843 -
137 798 344 873 grauissimae:
393 796 576 876 Reputemus
615 799 693 857 enim
731 816 789 876 qua
823 798 936 858 ratione
969 797 1152 860 differentiae
1184 798 1249 859 illae
1284 802 1315 859 in

137 892 222 955 Festi
246 869 388 972 Paulique
412 892 553 972 operibus
574 893 658 953 nobis
683 895 808 956 traditae
833 894 905 956 sint!
947 895 1043 975 Atque
1065 896 1153 957 Truc.
1169 895 1230 958 271
1258 896 1315 957 sub

136 1010 214 1051 uoce
244 994 378 1053 Sacrum,
403 995 546 1052 exstantis
575 996 742 1073 scripturae
773 994 937 1053 dillerentia
966 1013 1002 1052 eo
1032 995 1120 1054 modo
1148 1004 1193 1055 est
1221 994 1315 1075 allata,

39 1114 44 1123 ·
136 1100 171 1151 ut
195 1100 352 1169 postquam
376 1109 484 1150 uersus
503 1094 610 1152 citatus
631 1102 686 1174 est,
710 1095 753 1152 sic
772 1102 927 1171 pergatur:
950 1096 1074 1167 quidam
1093 1102 1194 1154 cutem
1212 1099 1317 1170 legunt

137 1196 170 1251 in
189 1206 288 1248 suase.
336 1186 418 1257 Quos
441 1196 539 1247 autem
564 1208 615 1249 eos
641 1191 732 1250 luisse
763 1187 955 1268 putabimus?
1000 1190 1142 1251 Codicum
1165 1192 1313 1253 Plautino-

137 1303 206 1344 rum
236 1287 414 1362 scripturam
444 1287 469 1344 si
497 1286 629 1346 indicare
652 1288 743 1349 uellet
766 1300 883 1367 auctor,
912 1272 1036 1367 prorslrs
1064 1288 1119 1347 alia
1147 1299 1227 1349 esset
1255 1299 1315 1350 tota

137 1385 243 1443 oratio.
290 1385 385 1461 Atque
410 1402 485 1462 qnae
509 1403 586 1444 noua
614 1387 682 1447 inde
712 1389 847 1465 quaestio
875 1387 984 1467 oritur,
1018 1388 1068 1445 cui
1097 1385 1167 1446 illud
1192 1390 1315 1462 quidam

138 1480 320 1560 tribuamuS,
354 1488 454 1541 utrum
484 1481 571 1542 Festo
596 1502 632 1543 an
657 1484 759 1544 Verrio
785 1484 900 1565 Flacco,
933 1484 969 1543 ad
1002 1485 1078 1545 banc
1112 1504 1174 1545 rem
1206 1484 1315 1545 nullius

137 1588 184 1638 est
214 1581 365 1639 momenti.
411 1577 482 1637 Nam
515 1582 578 1639 siue
610 1581 687 1659 quod
720 1582 885 1643 Dirkscnus
919 1584 951 1643 in
983 1600 1057 1641 uoce
1088 1586 1145 1643 clii
1178 1582 1318 1661 probauit

137 1678 227 1735 ctiam
265 1694 370 1736 uocem
408 1680 531 1750 qnidam
564 1677 652 1738 Festo
687 1679 861 1758 tribuimuS,
897 1680 973 1758 apud
1003 1678 1139 1740 Verrium
1171 1679 1311 1740 Flaccum

138 1782 237 1834 autem
270 1773 456 1852 singulorum
489 1779 651 1835 sententias
684 1779 833 1836 exstitisse
866 1785 1018 1856 putamus,
1051 1780 1114 1837 siue
1145 1780 1204 1837 iam
1234 1778 1311 1856 apud

136 1869 275 1931 Verrium
299 1870 437 1931 Flaccum
462 1890 525 1931 eam
549 1873 641 1933 brisce
670 1874 850 1934 arbitramur
874 1873 1053 1933 locutionem
1081 1906 1116 1915 —-
1144 1873 1215 1934 illud
1241 1875 1312 1933 mibi

138 1976 255 2028 certum
280 1969 400 2029 uidetur
427 1968 558 2047 intellegi
586 1975 793 2048 grammaticos
822 1970 870 2031 uel
893 1970 1085 2051 glossatores,
1114 1975 1164 2050 qui
1189 1976 1311 2032 insumo

138 2065 197 2143 legi
221 2066 340 2127 uellent.
383 2067 480 2137 Quare
505 2078 626 2146 apparet
651 2072 830 2149 scripturam
854 2072 976 2129 taceaco
996 2089 1030 2129 ex
1051 2074 1314 2148 grammaticorum

138 2166 292 2243 opusculis
315 2168 345 2225 in
366 2165 451 2225 Verri
472 2165 572 2225 Flacci
593 2185 667 2245 opus
691 2170 855 2229 transiisse.
897 2167 978 2238 Quae
1002 2170 1149 2228 sententia
1172 2170 1217 2227 eis
1236 2187 1311 2247 quae

138 2272 307 2343 sequuntur
332 2264 420 2323 etiam
445 2266 537 2342 magis
560 2264 717 2325 stabilitur.

227 2361 324 2422 Ceteri
354 2363 434 2420 enim
463 2380 572 2421 uersus
604 2361 732 2441 duplicis
765 2364 931 2440 scripturae
960 2362 1016 2422 sub
1049 2361 1155 2440 glossis
1188 2363 1316 2422 diuersis

136 2458 310 2534 alleruntur,
334 2459 424 2537 idque
445 2462 493 2540 ita,
518 2467 561 2540 ut,
587 2460 682 2537 quoad
704 2480 738 2520 ex
759 2460 894 2538 reliquiis
913 2460 993 2520 Festi
1012 2460 1154 2539 Paulique
1177 2460 1316 2539 colligere

137 2575 307 2637 possumus,
339 2558 478 2636 scriptori
517 2576 554 2616 nc
590 2568 693 2619 notum
727 2559 847 2637 quidem
881 2560 971 2619 luerit
1004 2577 1095 2619 unum
1128 2558 1316 2636 eundemque

137 2672 261 2715 uersum
289 2655 413 2734 singulis
442 2662 556 2716 tantum
589 2655 689 2715 uerbis
718 2660 839 2717 mutatis
867 2659 1102 2718 commemorari.
1149 2656 1230 2726 Quas
1257 2655 1315 2715 dis-

139 2754 309 2831 crepantias
342 2756 367 2813 si
395 2771 430 2812 ex
460 2752 613 2812 codicibus
644 2751 788 2813 Plautinis
821 2756 894 2833 ipsis
926 2758 1114 2835 sumpsisset,
1147 2762 1228 2813 certe
1262 2752 1316 2812 alia

140 2852 257 2910 ratione
276 2850 412 2911 Verrium
437 2850 574 2911 Flaccum
599 2850 755 2911 allaturum
781 2852 872 2912 luisse
897 2860 978 2931 puto.
1025 2853 1123 2923 Quare
1154 2870 1222 2911 cum
1252 2852 1316 2910 cieri

141 2947 238 3007 simile
272 2968 331 3009 non
365 2951 412 3027 sil,
445 2951 474 3009 ln
508 2948 666 3009 allerendis
699 2947 745 3007 his
778 2948 954 3009 dillerentiis
987 2950 1106 3010 codices
1135 2951 1216 3028 ipsos
1248 2966 1316 3008 eum

141 3045 259 3125 adiisse,
283 3046 356 3107 nibil
380 3045 458 3106 aliud
478 3054 579 3125 restat,
603 3048 660 3106 nisi
680 3055 713 3106 ut
731 3055 782 3105 aut
801 3045 922 3107 alteram
944 3056 995 3107 aut
1014 3057 1171 3125 utramque
1190 3050 1316 3127 scriptu-

140 3161 204 3202 ram
229 3162 244 3203 e
268 3146 467 3222 grammaticis
491 3144 624 3204 haustam
650 3160 716 3203 esse
739 3143 881 3204 dicamus.

231 3242 352 3301 Accedit
379 3244 437 3302 iam
466 3241 543 3302 aliud
573 3247 794 3322 argumentum,
824 3260 882 3319 quo
906 3241 983 3301 idem
1007 3241 1204 3302 demonstrari
1228 3260 1315 3320 posse

41 3320 45 3329 ¹
139 3345 222 3417 puto.
273 3337 357 3419 llpud
399 3338 520 3397 Festum
564 3338 643 3397 enim
687 3338 844 3398 nonnullae
888 3337 1002 3398 labulae
1044 3338 1155 3417 duplici
1198 3341 1315 3398 nominc
1373 3379 1379 3387 ·

141 3435 346 3513 proferuntur.
393 3434 442 3495 Sic
470 3454 577 3495 uersus
601 3435 796 3496 Mostellariae
825 3437 991 3496 alleruntur
1018 3453 1078 3495 ιιιιο
1106 3435 1171 3495 loco
1200 3455 1227 3514 p.
1253 3433 1316 3496 166

140 3552 158 3593 e
182 3534 383 3607 Mostellaria,
408 3533 539 3593 duobus:
558 3550 606 3611 pp.
633 3531 706 3614 162,
729 3530 794 3595 305
818 3552 835 3592 e
859 3535 1029 3593 Phasmate.
1076 3532 1117 3591 lle
1140 3533 1195 3592 bac
1219 3535 1316 3592 reita

141 3631 335 3692 iudicandum
365 3650 439 3711 esse,
467 3641 500 3692 ut
529 3630 643 3691 fabulae
667 3631 710 3690 illi
739 3633 798 3691 drro
823 3633 941 3691 nomina
968 3631 1061 3691 luisse
1088 3637 1228 3709 putemus
1256 3629 1316 3689 Rit-

143 3728 273 3788 schclius
306 3730 452 3808 exposuit.
498 3728 610 3789 Eodem
645 3730 730 3790 modo
762 3737 792 3789 et
825 3749 841 3789 e
870 3728 1032 3789 Cistellaria
1061 3722 1105 3810 (p.
1129 3721 1209 3810 372)
1242 3737 1272 3787 et
1300 3747 1316 3786 e

143 3824 219 3904 Syro
248 3818 312 3908 (pp.
337 3822 416 3907 301,
439 3821 519 3910 352)
547 3845 654 3887 uersus
682 3828 862 3907 afferuntur,
892 3842 966 3905 quae
995 3826 1054 3887 duo
1082 3828 1200 3886 nomina
1229 3828 1317 3886 unius

143 3923 258 3985 labulae
283 3942 349 3985 esse
372 3926 431 3985 iam
453 3932 539 3984 antea
563 3932 827 3984 commemoratum
850 3930 905 3982 est.
942 3922 1050 3986 llirum
1073 3933 1182 4003 antem,
1205 3926 1232 3983 si
1248 3922 1317 3982 Ver·

143 4024 221 4081 rium
242 4021 381 4082 Flaccum
404 4040 438 4082 ea
463 4022 576 4081 ratione
600 4024 695 4100 egisse
715 4028 820 4101 putare
839 4019 992 4099 uellemus,
1015 4030 1049 4081 ut
1068 4023 1132 4080 sine
1151 4019 1210 4079 ulla
1229 4037 1317 4079 causa

144 4119 232 4180 modo
257 4119 313 4179 boc
337 4118 425 4179 modo
449 4117 499 4179 illo
525 4120 643 4179 nomine
669 4118 780 4178 fabulas
805 4119 932 4178 allerret.
979 4116 1073 4186 Quem
1102 4120 1127 4177 si
1151 4136 1187 4177 ex
1211 4116 1317 4177 fabulis
1351 4128 1361 4146 ⁷

143 4220 217 4297 ipsis
241 4236 316 4296 quac
340 4220 367 4277 ei
391 4236 467 4297 opus
491 4226 592 4278 essent
611 4217 787 4297 collegisset,
811 4224 892 4275 certe
912 4215 970 4274 duo
990 4210 1203 4297 nominafl‘uel'
1227 4210 1316 4275 ‘siue'

143 4315 299 4394 particulis
321 4316 507 4395 interpositis
530 4316 665 4377 attulisse
693 4315 879 4397 putauerim,
907 4311 959 4372 ubi
986 4312 1097 4391 duplici
1125 4315 1244 4372 nominc
1273 4316 1317 4373 uti

144 4412 262 4475 liberet.
309 4412 360 4473 Sic
388 4422 486 4474 autem
516 4432 553 4473 ne
581 4416 706 4474 sciuisse
735 4411 855 4490 quidem
883 4410 1003 4470 uidetur
1026 4418 1185 4487 utrumque
1210 4428 1317 4470 nomeu

147 4510 183 4570 ad
209 4528 297 4572 unam
321 4510 506 4589 eandemque
530 4510 657 4571 labulam
680 4512 840 4593 pertinere.
882 4507 964 4578 Quae
987 4511 1014 4569 si
1035 4511 1153 4569 nomina
1171 4525 1229 4570 una
1248 4527 1317 4569 cum
