3192 5209
773 462 811 473 -
861 428 1015 491 204-

309 598 387 649 tome
419 598 682 650 commemoratum
712 592 804 651 luisse
837 609 896 651 uon
926 596 990 654 sine
1019 591 1225 671 probabilitate
1255 592 1480 671 suspicabimur.

309 687 403 747 Porro
427 706 494 747 curn
513 688 620 748 Festus
644 689 792 767 epitomen
812 688 946 751 Verriani
971 692 1069 771 operis
1092 692 1204 770 iecerit,
1229 690 1320 750 multo
1341 693 1481 753 maiorem

309 793 339 845 et
372 784 536 846 sabularum
574 796 604 846 et
636 786 768 846 locorum
804 786 1007 849 Plautinorum
1044 805 1201 848 numerum
1234 787 1311 867 apud
1345 787 1481 850 Verrium

311 883 448 944 Flaccum
472 886 569 962 ipsum
594 888 743 946 exstitisse
763 887 829 945 ueri
853 885 948 945 simile
973 896 1026 947 est.
1064 886 1149 956 Oriod
1174 888 1199 945 si
1223 895 1396 965 reputamus
1418 888 1481 948 liit-

310 981 412 1041 scbelli
441 981 512 1041 illud
540 981 736 1061 intellegitur:
766 982 849 1042 Noclr
881 1002 933 1042 aus
961 984 1029 1043 dem
1052 982 1154 1043 Vollen
1185 984 1319 1063 soboplte
1348 984 1481 1063 dagegen

310 1072 469 1160 Verrius.¹)
516 1078 601 1148 Quod
626 1088 722 1139 tamen
754 1080 845 1140 nolim
874 1098 941 1141 cum
965 1080 1127 1141 Ritscbelio
1156 1084 1195 1141 ita
1223 1081 1366 1159 intellegi,
1397 1086 1482 1160 quasi

310 1190 343 1236 ex
377 1179 450 1255 ipsis
483 1176 636 1237 codicibus
664 1196 789 1239 omnes
823 1196 892 1238 snas
919 1180 1039 1239 diuitias
1067 1178 1201 1239 hauserit
1228 1178 1364 1239 Verrius:
1392 1182 1483 1239 immo

307 1272 458 1353 probabile
482 1281 528 1334 est
551 1292 617 1335 eum
643 1274 767 1336 aliorum
792 1278 1052 1355 grammaticorum
1076 1279 1175 1355 copias
1199 1285 1315 1356 paratas
1338 1279 1368 1336 in
1393 1295 1482 1337 snum

309 1390 395 1431 usum
420 1375 615 1452 conuertisse,
639 1385 721 1434 certe
745 1375 852 1433 borum
877 1373 1033 1434 thesauros
1056 1393 1114 1433 non
1139 1374 1322 1454 neglexisse:
1346 1374 1424 1453 quod
1447 1385 1483 1434 ut

214 1546 215 1550 Ἰ
308 1478 442 1543 statuam,
467 1469 571 1529 suadet
595 1488 663 1530 cum
687 1471 802 1530 infinita
822 1470 955 1530 locorum
975 1472 1231 1552 congerendorum
1251 1472 1398 1552 molestia,
1417 1482 1481 1532 tum

308 1568 361 1627 alia
386 1586 444 1648 res,
468 1569 503 1628 de
528 1586 585 1647 qua
610 1572 748 1646 sequenti
772 1569 956 1648 paragrapho
980 1577 1092 1647 agetur.

396 1764 416 1841 ξ
436 1760 466 1825 5.
508 1764 706 1826 lnneninntnr
730 1764 808 1844 apud
828 1763 948 1824 Festum
968 1764 1152 1844 Paulumque
1172 1765 1227 1825 loci
1247 1767 1374 1827 Plautini
1395 1770 1480 1827 nario

308 1863 394 1922 modo
418 1866 531 1941 scripti.
577 1863 661 1941 Apud
686 1862 808 1922 Festum
836 1864 915 1921 enim
941 1882 967 1940 p.
987 1859 1052 1922 273
1080 1864 1153 1923 baec
1184 1874 1301 1924 exstant
1324 1864 1380 1924 sub
1404 1882 1481 1925 uoce

308 1960 396 2037 [ilani
424 1959 561 2039 coloris]:
593 1964 676 2035 quoa
704 1979 803 2035 penus
829 1962 981 2021 bominum
1005 1957 1153 2041 [Plautus
1180 1966 1314 2038 appellat
1339 1966 1482 2023 rauistel-

307 2056 384 2139 tos:]
408 2061 471 2120 Sed
488 2063 554 2133 puis
573 2061 650 2119 baec
669 2066 713 2119 est
731 2053 859 2137 [mulier
883 2067 912 2119 at
930 2064 981 2120 iiie
998 2063 1174 2119 ravistellus
1192 2063 1246 2133 qui
1267 2059 1376 2135 aeuitJ.
1423 2061 1482 2132 Qui

238 2224 250 2245 ⁶
307 2157 390 2217 locus
414 2174 481 2217 cunr
506 2158 660 2216 maximam
684 2165 800 2235 partem
823 2158 884 2234 igni
908 2166 1103 2236 consumptus
1127 2158 1179 2237 sit,
1203 2157 1363 2235 plrnimnrn
1388 2160 1481 2217 inter·

307 2265 360 2336 est,
385 2264 417 2315 nt
441 2272 515 2333 qnae
539 2255 628 2315 buius
651 2272 759 2315 uersus
786 2253 863 2332 apud
888 2254 1008 2315 Festum
1039 2256 1186 2314 exstiterit
1214 2255 1306 2314 forma
1338 2274 1372 2314 ex
1398 2254 1483 2315 Pauli

307 2353 455 2431 excerptis
479 2356 704 2431 comperiamus
727 2351 804 2431 apud
829 2370 917 2430 quem
941 2371 969 2430 p.
984 2350 1050 2412 272
1068 2353 1141 2411 baec
1160 2354 1370 2413 inueniuntur:
1394 2354 1481 2413 Baui

306 2455 417 2513 catoris
441 2454 643 2527 appellantur,
667 2453 721 2523 aui
741 2457 812 2509 suat
835 2452 916 2508 iuter
934 2453 1035 2524 stauos
1058 2458 1093 2510 et·
1110 2454 1236 2522 caesios,
1260 2468 1333 2524 quas
1352 2452 1482 2510 Plautus

307 2554 438 2627 appellat
462 2553 641 2609 rauistellos.
693 2550 774 2628 Quis,
798 2552 907 2623 iuquit,
926 2552 1015 2632 =baec
1039 2556 1083 2609 est
1110 2552 1232 2621 mulier,
1260 2556 1289 2608 et
1317 2552 1368 2609 ille
1395 2551 1481 2608 raui-

306 2652 408 2708 statius
438 2651 492 2721 qui
520 2650 628 2707 acuit?
664 2648 760 2724 Atque
791 2645 866 2706 alter
899 2649 956 2725 qni·
980 2646 1038 2705 buc
1069 2654 1183 2725 spectat
1213 2646 1297 2705 locus
1329 2656 1375 2707 est
1398 2645 1482 2705 Panli

306 2766 333 2824 p.
348 2742 405 2806 96:
432 2747 649 2818 Grauastellus,
672 2747 776 2804 sanior
791 2745 933 2805 Plautus:
966 2746 1025 2817 Oui
1046 2751 1091 2803 est
1110 2747 1326 2818 prauastellus,
1350 2747 1403 2817 qui
1425 2746 1481 2802 ad-

306 2850 399 2907 ueuit.
451 2846 487 2905 Ut
510 2851 592 2920 puta,
622 2862 641 2902 a
662 2846 822 2917 prauitata
845 2845 952 2902 dictus.
979 2842 1094 2919 'Atque
1119 2839 1174 2898 boc
1198 2839 1317 2917 quidem
1340 2838 1405 2898 loco
1428 2841 1482 2916 qni

306 2963 414 3005 uersus
442 2942 594 3003 Plautinus
628 2942 764 3020 affertur,
798 2940 925 3000 eundem
954 2957 1033 3019 esse,
1066 2956 1154 3016 quem
1188 2946 1274 2997 antea
1302 2955 1480 2996 commemo·

306 3045 447 3121 lauimus,
470 3043 527 3099 iam
547 3058 601 3118 per
621 3058 652 3098 se
672 3048 803 3119 apparet,
827 3040 884 3097 nisi
906 3036 985 3115 qnod
1006 3036 1194 3095 rnanilestnm
1214 3043 1259 3093 est
1279 3036 1366 3093 etiarn
1386 3036 1481 3111 magis

306 3132 393 3219 quam
418 3138 482 3198 aliis
506 3137 578 3197 locis
598 3135 679 3196 Festi
703 3136 795 3195 uerba
820 3154 836 3195 a
855 3134 946 3194 Paulo
965 3152 1030 3193 esse
1053 3143 1197 3211 correpta.
1239 3131 1362 3191 Accedit
1379 3140 1481 3193 autem

306 3239 359 3297 alia
379 3255 496 3315 qnoque
517 3254 614 3317 causa,
638 3254 693 3294 cur
713 3234 766 3293 bos
786 3233 861 3293 duos
880 3231 961 3291 locos
980 3230 1015 3289 ad
1036 3249 1127 3289 uittam
1147 3229 1334 3308 eundemque
1355 3246 1481 3290 uersum

306 3334 478 3396 referendos
503 3352 568 3392 esse
592 3331 816 3392 contendamus.
863 3328 972 3388 Versus
1001 3329 1079 3388 enim
1103 3360 1145 3369 —
1170 3337 1216 3386 est
1238 3326 1322 3405 Epid.
1347 3325 1412 3388 620
1437 3360 1480 3369 -

306 3436 335 3493 in
360 3430 513 3492 codicibus
536 3432 648 3490 nostris
671 3429 772 3489 eadem
798 3430 963 3506 scripturae
987 3425 1184 3503 discrepantia
1209 3425 1336 3486 traditus
1359 3434 1414 3508 est,
1437 3429 1479 3485 ita

309 3541 343 3590 nt
365 3533 394 3589 in
419 3531 441 3588 A
468 3522 670 3607 ‘r·auistellns'‚
695 3530 725 3586 in
749 3526 873 3605 reliquis
897 3517 1115 3603 ‘grauastcllus'
1140 3532 1243 3583 exstet.
1479 3510 1483 3517 ¹

395 3627 477 3687 Alter
500 3626 583 3685 locus
608 3628 693 3685 citius
717 3627 789 3703 quin
814 3623 889 3702 apud
914 3620 1036 3680 Festum
1060 3622 1099 3680 sit
1122 3619 1230 3701 duplex
1255 3623 1401 3700 scriptura
1426 3621 1479 3681 du·

305 3726 394 3785 bitari
426 3743 484 3785 non
518 3732 625 3803 potest,
657 3725 781 3784 allertur
813 3739 840 3798 p.
865 3717 930 3779 302
960 3717 1015 3778 snb
1044 3735 1118 3777 uoce
1153 3713 1311 3779 ‘suasunr':
1348 3720 1480 3779 Suasum

203 3850 209 3860 ·
305 3828 386 3884 cotos
413 3825 599 3898 appellatur,
628 3825 682 3895 qui
701 3823 738 3894 pit
761 3837 801 3879 aa
826 3818 979 3877 stillicidia
1000 3813 1119 3889 fumosa
1144 3819 1174 3876 iu
1198 3819 1373 3876 uestimento
1401 3819 1480 3877 albo.

306 3924 448 3981 Plautus:
476 3914 571 3991 ‘Ouia
595 3921 651 3979 tibi
671 3936 762 3978 suasa
790 3914 926 3990 infecisti
948 3916 1137 3989 propudiosa
1157 3907 1323 3989 pallulam'.
1354 3916 1481 3987 puidam

305 4024 405 4079 autem
436 4023 539 4092 icpuut
570 4021 600 4077 iu
628 4035 726 4077 suasa.
764 4032 822 4074 uec
850 4016 958 4073 aesuat
987 4014 1040 4084 qui
1062 4014 1180 4085 dicant,
1208 4028 1323 4072 omnem
1347 4015 1480 4071 colorem

305 4120 359 4191 qui
384 4120 443 4189 fiat
473 4118 648 4189 inliciendo,
678 4131 801 4173 suasum
832 4112 953 4182 uocari,
984 4111 1067 4182 quoa
1095 4112 1185 4182 quasi
1209 4110 1417 4184 persuadetur
1447 4112 1480 4167 in

304 4218 399 4275 alium
427 4233 466 4274 aar
494 4215 563 4273 albo
591 4216 734 4273 transire.
783 4210 912 4269 littorum
945 4208 1036 4284 igitur
1064 4206 1153 4264 buius
1181 4223 1289 4264 uersus
1318 4207 1479 4283 scriptura-

304 4331 371 4373 rum
399 4311 490 4372 altera
520 4319 578 4371 est:
605 4329 695 4371 suaso
726 4308 831 4367 altera:
860 4309 990 4365 iusuaso.
1035 4304 1131 4380 Atque
1156 4303 1205 4362 bic
1228 4321 1346 4380 quoque
1371 4321 1480 4362 uersus

378 4526 404 4591 1)
422 4521 534 4591 Parerg.
555 4520 567 4571 l
588 4524 646 4572 149.
