3192 5209
593 394 835 458 -225-

126 553 257 632 superbe
282 556 447 633 significare
471 558 572 635 possit.
613 556 655 616 Ac
678 556 815 617 facillime
839 558 958 635 quidem
982 576 1116 634 ex‘quae
1133 560 1297 633 supercilio

126 656 220 729 spicit
243 654 351 731 quippe
376 670 450 731 quae
475 655 572 715 minus
595 652 671 714 bene
695 656 826 733 perspici
848 656 976 733 possint,
950 655 1064 716 tlieri
1096 657 1207 735 potuit:
1239 672 1298 730 quo

125 754 252 826 superet
252 752 291 810 lto
309 752 407 825 spicit.
449 750 548 821 Quare
568 770 636 813 cum
655 746 890 831 Ribbeckio(cf.
854 753 974 812 ceius
993 746 1168 835 editionem)
1192 770 1297 812 secun-

126 847 198 907 dum
223 846 345 908 Festum
367 847 543 927 codicesque
567 848 647 909 hunc
670 867 793 909 uersum
817 847 965 908 edendum
988 867 1054 909 esse
1076 858 1157 929 puto.

217 944 332 1005 Falsam
361 947 539 1024 scripturam
567 954 597 1007 et
624 946 701 1026 apud
728 946 850 1006 Festum
878 953 909 1005 et
935 948 966 1006 in
989 946 1087 1027 codd,
1115 950 1140 1008 si
1163 947 1298 1013 liitsche-

126 1042 200 1102 lium
230 1044 396 1122 sequimur,
427 1062 486 1103 uuo
515 1051 629 1103 tantum
656 1045 826 1105 inuenimus
854 1042 933 1123 loco,
961 1045 1013 1121 qui
1040 1051 1086 1104 est
1109 1044 1199 1106 Stich.
1223 1042 1298 1125 352,

125 1138 205 1201 Fest.
229 1159 258 1220 p.
280 1137 342 1201 169
366 1158 389 1199 s.
413 1160 441 1202 ιι.
464 1140 647 1211 Nassiternag
671 1141 784 1216 Ecquts
807 1144 868 1201 buc
891 1141 982 1215 effert
1002 1144 1206 1202 nassiternam
1229 1160 1299 1203 oum

128 1256 212 1313 aqua
241 1242 308 1298 stne
334 1238 505 1312 suffronio?
559 1236 600 1296 lle
624 1255 682 1315 quo
705 1236 771 1297 loeo
801 1240 858 1298 iam
888 1246 974 1299 antea
1003 1237 1117 1299 dictum
1146 1247 1200 1300 est.
1244 1239 1299 1300 llic

127 1337 225 1414 agitur
253 1334 289 1395 de
313 1337 411 1415 initio,
439 1336 518 1413 quod
547 1334 650 1395 eodem
678 1333 766 1393 modo
788 1334 812 1394 P
835 1334 976 1404 exhibent
999 1344 1088 1414 atque
1111 1336 1135 1395 t
1159 1336 1299 1396 exhibere

127 1430 292 1493 Ritscbelio
318 1435 403 1494 uisus
427 1440 480 1493 est.
526 1430 635 1493 Verum
659 1450 695 1491 ex
719 1434 807 1491 metri
829 1432 994 1493 rationibus
1018 1450 1160 1512 apparere
1178 1434 1301 1495 uidetur

126 1530 193 1589 lieri
225 1548 284 1589 non
316 1548 418 1611 posse,
450 1539 484 1591 ιιι
510 1530 647 1590 Plautum
681 1532 720 1589 ita
745 1532 900 1609 scripsisse
924 1539 1072 1609 putemus.
1114 1528 1208 1591 lmmo
1231 1546 1300 1591 cum

130 1627 245 1707 Guyeto
292 1636 327 1689 ut
373 1629 509 1689 lecerunt
550 1627 729 1689 llitscbclius
779 1635 810 1687 et
855 1626 1065 1689 Fleckeiseuus
1112 1627 1303 1689 scribendum

129 1727 201 1785 erit:
225 1720 332 1804 ‘Ecqui
355 1721 425 1787 huc'
450 1744 475 1786 e.
490 1745 517 1805 q.
532 1744 555 1786 s.
602 1724 786 1803 Quamquam
811 1743 870 1785 non
899 1727 999 1785 nescio
1024 1742 1082 1803 qua
1104 1726 1219 1785 ratione
1243 1733 1302 1785 tra·

127 1822 188 1882 dita
213 1824 360 1902 scriptura
384 1822 503 1883 delendi
526 1822 625 1884 soleat.

218 1919 278 1980 lam
302 1918 338 1980 de
363 1923 406 1981 eis
429 1920 511 2001 locis,
534 1922 585 1999 qui
599 1920 684 1981 aliam
699 1927 786 1999 atque
806 1922 838 1980 in
857 1919 1008 1981 codicibus
1027 1922 1206 1999 scripturam
1228 1939 1300 1999 prae

129 2035 161 2077 se
195 2018 296 2079 leuant
327 2017 404 2097 apud
428 2016 562 2097 Festum,
590 2018 660 2096 quid
689 2019 774 2079 nobis
812 2019 1002 2079 iudicandum
1031 2020 1070 2078 sit
1092 2018 1301 2096 exponendum

129 2122 184 2176 est.
221 2115 318 2193 Atque
337 2123 434 2175 rectas
454 2113 573 2193 quidem
592 2116 670 2195 apud
688 2114 811 2177 Festum
824 2115 1009 2194 Paulumque
1029 2118 1193 2195 scripturas
1210 2117 1301 2176 offen-

128 2212 200 2272 dere
224 2212 310 2272 nobis
334 2212 470 2273 uidemur
488 2212 540 2273 bis·
553 2212 639 2273 locis:
661 2213 742 2273 Paul.
756 2233 785 2291 p.
803 2210 866 2274 102
888 2214 1032 2273 Habitior
1046 2216 1203 2295 pinguior,
1222 2232 1298 2292 quae

129 2308 229 2387 glossa
253 2328 307 2371 suo
326 2311 427 2386 iurea
446 2308 557 2370 lloohio
567 2304 591 2391 ¹)
610 2310 645 2370 ad
665 2310 750 2389 Epid.
767 2308 808 2371 10
826 2309 919 2371 relata
938 2318 994 2391 est,
1012 2310 1064 2370 ubi
1082 2311 1121 2371 l:
1140 2294 1302 2392 antiton,

129 2405 165 2467 P:
195 2410 309 2482 aptatur
336 2406 467 2489 exbibet,
500 2426 598 2487 neque
626 2408 682 2468 boc
710 2426 808 2486 neque
840 2407 913 2468 illud
942 2426 1064 2468 sonsum
1092 2408 1233 2468 efficiens,
1259 2441 1297 2451 —

128 2503 242 2565 Deinde
266 2504 322 2565 boc
346 2504 411 2565 loco
439 2505 688 2566 commemorandi
717 2514 786 2567 sunt
814 2524 921 2565 uersus
948 2504 1026 2565 blen.
1049 2502 1123 2566 200.
1147 2502 1222 2586 201,
1250 2508 1301 2585 qui

129 2620 145 2661 a
169 2602 258 2664 Festo
281 2622 309 2681 p.
328 2599 393 2663 302
416 2621 439 2663 s.
463 2622 490 2663 ιι.
515 2604 733 2679 Sanctaqutum
756 2605 787 2663 in
811 2603 895 2682 lolio,
924 2603 1002 2681 quod
1031 2603 1095 2662 lere
1118 2609 1214 2663 totum
1237 2605 1300 2682 igni

132 2699 323 2778 absumptum
345 2707 404 2779 est,
428 2701 576 2761 exstitisse
605 2700 753 2762 uidentur.
801 2699 883 2771 Quae
906 2708 1083 2779 supersunt,
1105 2699 1184 2779 apud
1207 2700 1301 2761 Muel-

128 2797 228 2858 lerum
262 2797 319 2857 boc
355 2796 442 2856 modo
479 2796 632 2874 leguntur:
663 2792 842 2877 JPIautus[
863 2792 938 2876 Jum
974 2792 1142 2876 Hercult's[
1164 2792 1302 2876 Jttquom

130 2890 245 2974 obstu[
284 2893 368 2973 Apud
406 2892 601 2954 Ritscbelium
637 2893 669 2954 bi
699 2894 758 2955 duo
796 2913 903 2955 uersus
936 2896 980 2954 uti
1008 2893 1168 2955 Lambinus
1202 2898 1300 2955 conie·
1330 2973 1332 2976 .

130 3000 214 3052 cerat
237 2994 280 3051 sic
308 2993 411 3070 scripti
440 2998 522 3051 suut:
552 2992 622 3053 Meo
650 2994 771 3067 quidem
798 2995 899 3052 auimo
927 2993 965 3051 ab
988 2992 1153 3068 Happolyta
1180 2995 1301 3053 subota-

127 3092 235 3165 pulum
259 3084 270 3169 ll
295 3090 444 3149 Hercules
472 3090 547 3148 baut
574 3107 671 3164 aeque
697 3106 807 3164 meque
836 3106 978 3164 umquam
1005 3090 1130 3149 abstulit
1152 3094 1301 3167 periculo.

129 3186 274 3248 Eadem
267 3205 297 3247 ιιι
321 3186 405 3247 codd.
430 3194 554 3267 exstant,
578 3189 635 3247 nisi
658 3186 794 3265 quodrl:
817 3184 1020 3247 HAVDllERC
1044 3186 1208 3247 secundum
1227 3188 1302 3248 Loe-

128 3286 233 3348 nium:
257 3282 704 3365 HAVDKERCVLESAEQ,B:
726 3285 823 3345 Haud
838 3286 942 3345 berete
958 3301 1063 3364 seque,
1087 3283 1122 3345 C:
1145 3285 1216 3345 And
1232 3288 1301 3346 lter-

127 3438 198 3497 cule
221 3452 321 3510 seque,
345 3434 382 3495 D:
405 3435 497 3515 Apud
517 3436 641 3495 hercule
663 3453 755 3510 seque
772 3433 903 3513 praebet
945 3434 1056 3495 Omnes
1074 3436 1165 3512 igitur
1183 3435 1302 3497 codices
1380 3458 1384 3464 ¹

125 3530 305 3612 particulam
337 3534 424 3593 baud
449 3540 517 3593 aute
547 3550 652 3592 uocem
679 3533 798 3593 Hercul
797 3550 828 3592 es
861 3530 1014 3611 exhibent,
1047 3550 1122 3610 quae
1154 3534 1301 3612 scriptura

126 3629 242 3707 duplici
274 3647 363 3689 causa
395 3628 543 3689 reicienda
575 3636 628 3689 est.
679 3629 815 3689 Primum
846 3648 968 3689 uersum
1000 3627 1065 3690 201
1099 3629 1181 3690 nullo
1214 3631 1301 3691 modo

125 3728 230 3787 metiri
253 3744 426 3806 possumuS,
455 3726 560 3787 deinde
584 3727 760 3807 particulam
787 3728 875 3787 baud
895 3726 932 3786 ab
956 3726 1097 3787 aduerbio
1120 3727 1220 3788 dirimi
1243 3746 1303 3788 nou

127 3824 210 3885 licet.
257 3822 354 3894 Quare
383 3823 543 3884 Lambinus
576 3823 692 3885 duobus
723 3824 826 3884 uerbis
858 3826 944 3885 baud
974 3833 1005 3884 et
1026 3826 1176 3885 Hercules
1207 3832 1302 3886 trans-

130 3922 240 4001 positis
264 3924 374 4000 optimc
398 3928 520 3981 uersum
543 3923 683 3982 restituit.
730 3921 812 4000 Quae
836 3923 960 3981 mutatio
983 3921 1127 4001 probatur
1149 3922 1198 3982 illo
1222 3922 1303 3983 Festi

126 4019 204 4080 loco.
250 4017 380 4098 Apparet
407 4021 486 4078 enim
515 4037 583 4079 eum
610 4028 677 4079 ante
705 4037 812 4079 uocem
833 4020 1047 4079 Hercules-
1071 4038 1137 4079 nam
1160 4020 1304 4081 [imcutit

127 4115 211 4197 quod
236 4115 361 4194 legimus
389 4134 490 4176 merus
518 4115 631 4177 librarii
659 4134 744 4176 error
772 4123 819 4175 est
844 4148 881 4158 —
908 4135 968 4176 non
996 4116 1103 4195 legisse
1126 4115 1302 4195 particulam

126 4216 223 4289 baud,
248 4214 300 4275 sed
320 4232 425 4275 uocem
442 4216 662 4289 succinentem.
705 4212 813 4273 Verum
832 4214 889 4273 alia
908 4213 1066 4297 dillioultas
1085 4221 1192 4276 restat:
1215 4232 1303 4293 quae·

126 4314 209 4372 ritur
238 4309 309 4389 quid
337 4313 446 4371 ceteris
474 4310 550 4401 apud
578 4309 701 4371 Festum
731 4310 894 4371 uerborum
925 4310 1039 4371 laciniis
1072 4316 1187 4387 tiquam
1215 4313 1303 4372 obstat

205 4463 350 4535 1)Rhein.
370 4462 439 4518 Mus.
458 4461 557 4531 xxvi,
576 4466 636 4519 550.
1042 4544 1044 4548 Ι

183 4564 227 4605 Dis
216 4574 252 4604 sea
240 4562 323 4603 ιι
324 4563 421 4603 neclan
421 4572 492 4605 musas
512 4563 544 4603 H.
1057 4559 1090 4609 15
