3192 5209
610 404 765 468 -249
814 443 850 452 —

145 563 284 624 attulisse
309 569 374 626 ueri
398 567 491 627 simile
516 576 569 628 est.
601 567 699 637 Quiare
723 586 791 629 cnm
816 588 853 629 ne
875 572 906 631 in
930 569 1014 630 codd.
1033 571 1154 648 quidem
1177 566 1338 632 Plautinis

144 662 215 723 talis
243 681 350 724 uersus
379 667 526 725 exstitisse
560 664 709 743 uideatur,
738 684 772 725 ex
802 684 891 745 opere
919 666 995 728 alius
1026 670 1210 746 grammatici
1241 669 1318 746 apud

143 775 237 837 quem
266 780 281 821 e
309 765 450 823 memoria
474 762 522 823 bio
546 780 654 823 uersus
677 761 781 828 allatus
805 772 877 843 erat,
900 783 968 825 enm
987 757 1151 845 sumpsisse
1169 766 1319 845 putandus

143 866 202 917 est.
233 892 270 900 —
297 858 372 920 Men.
398 859 426 938 i,
453 858 533 921 Paul.
549 858 590 922 28
614 864 772 921 Atttctssut
794 861 894 921 Attice
912 866 1053 937 loquitur.
1087 866 1228 924 Plautus:
1252 865 1319 924 Non

143 960 309 1030 atticissot,
337 961 393 1017 sed
416 962 566 1019 siciltssot.
613 963 647 1019 td
672 967 716 1021 est
743 960 846 1020 Sicule
873 962 1014 1034 loquitur.
1062 961 1215 1022 bererum
1238 964 1320 1021 cicili

143 1054 277 1131 cissttat,
306 1051 357 1113 cb
380 1058 595 1130 spctltctssttut.
644 1055 765 1116 Rectam
798 1057 923 1117 sormam
951 1076 1016 1117 esse
1044 1058 1201 1139 sicelissat‚
1230 1077 1317 1138 quam

143 1149 222 1227 apnd
247 1149 370 1210 Paulum
394 1153 573 1233 innenirnns,
597 1154 777 1213 Ritsobelius
801 1148 1057 1237 demonstrauit.¹)
1093 1154 1195 1234 Neque
1221 1166 1317 1217 tamen

144 1246 219 1306 baec
249 1246 309 1306 sola
338 1257 383 1307 est
411 1248 579 1309 differentia
608 1252 686 1311 inter
717 1250 840 1314 Paulum
868 1264 899 1314 et
921 1252 1011 1313 BGD.
1052 1252 1089 1313 Hi
1113 1255 1191 1312 enim
1215 1271 1318 1314 omnes

146 1344 288 1405 exhibent
316 1364 433 1427 uerum,
451 1347 561 1408 Paulus
591 1352 652 1408 sed.
707 1351 803 1427 Atque
836 1349 1016 1411 Ritscbelius
1049 1350 1169 1429 quidem
1201 1369 1268 1410 cum
1302 1371 1317 1411 a

146 1442 238 1503 Paulo
261 1447 416 1517 stctlr'ssut,
445 1463 460 1503 a
484 1445 636 1505 codicibus
667 1465 774 1507 uerum
797 1450 924 1527 accepit,
948 1450 990 1507 sie
1013 1467 1136 1508 uersum
1159 1451 1318 1509 restituere

145 1550 270 1601 conatus
290 1552 350 1604 est:
375 1544 440 1603 Non
460 1548 611 1604 uttictssot
633 1563 740 1605 uerum
757 1548 908 1606 siceltssut
926 1554 1035 1607 tomen.
1059 1545 1114 1605 Ubi
1133 1549 1190 1606 etsi
1210 1533 1317 1606 mirnr'b

146 1639 266 1702 uidetur
285 1652 316 1704 et
335 1641 454 1706 codices
478 1652 508 1703 et
526 1640 648 1702 Paulum
672 1650 772 1703 tumen
796 1642 845 1701 uel
865 1643 1007 1721 quidquid
1031 1653 1184 1721 praeterea
1208 1644 1237 1703 ln
1260 1645 1317 1703 sine

145 1755 255 1799 uersus
279 1742 334 1802 luit
357 1742 507 1821 omisisse,
531 1749 628 1800 tamen
652 1758 719 1799 cum
743 1737 826 1799 Pauli
850 1738 999 1800 scribendi
1023 1743 1136 1809 ratione
1160 1740 1216 1800 boc
1241 1740 1315 1801 bene

144 1840 301 1918 conuenit,
327 1847 359 1900 ut
387 1838 576 1900 nibilominus
601 1835 677 1915 apnd
697 1835 819 1897 Festum
848 1837 967 1915 plenum
991 1856 1112 1898 uersum
1136 1838 1228 1898 luisse
1253 1842 1317 1899 neri

144 1934 240 1995 simile
269 1936 415 1998 uideatur.
451 1934 554 2015 Neque
582 1952 656 1995 uero
687 1938 788 2013 negari
816 1934 894 2015 licet,
912 1939 968 1996 sed
989 1936 1069 2014 quod
1092 1936 1169 2015 apud
1193 1932 1316 1996 Paulum

144 2043 240 2093 exstat
277 2037 364 2095 etiam
393 2035 474 2096 Festi
506 2036 684 2111 scripturam
713 2034 814 2093 luisse.
863 2033 1046 2093 Contrarium
1075 2034 1218 2093 rationem
1247 2053 1315 2094 cum

142 2128 249 2191 Pseud.
274 2128 338 2192 372
362 2133 545 2193 offendamus
570 2130 620 2190 nbi
643 2130 666 2188 Α
690 2150 810 2204 uerum,
835 2129 856 2189 P
878 2133 935 2190 sed
956 2129 1109 2204 exhibent,
1133 2133 1252 2191 minime
1279 2152 1314 2191 ex
1424 2170 1429 2181 ·

141 2231 317 2288 recensione
342 2230 419 2290 illam
444 2234 522 2289 inter
546 2229 665 2288 Festum
691 2236 720 2286 et
743 2228 765 2287 P
789 2228 985 2288 differentiam
1014 2236 1108 2288 ortam
1138 2248 1203 2287 esse
1233 2238 1314 2307 puta·

141 2328 248 2405 nerim,
273 2328 323 2386 sed
348 2330 435 2387 etiam
460 2326 507 2386 bic
531 2326 614 2385 locus
637 2328 667 2385 in
692 2324 776 2386 Verri
799 2324 897 2386 Flacci
921 2326 1001 2385 lonte
1021 2344 1055 2384 er
1082 2328 1222 2385 memoria
1244 2324 1314 2385 mibi

140 2422 263 2483 uidetur
287 2424 391 2485 allatus
416 2426 515 2484 luisse.

232 2618 251 2695 ἓ
278 2616 326 2682 18.
374 2619 541 2700 Supersunt
571 2620 704 2679 nonnulli
732 2616 788 2679 loci
817 2620 868 2696 qui
897 2628 997 2679 utrum
1026 2615 1061 2678 ad
1090 2619 1203 2680 fabulas
1229 2620 1313 2679 Plau·

138 2719 219 2777 tinas
243 2721 411 2795 pertineant
433 2722 581 2779 incertum
605 2727 658 2777 est.
705 2716 769 2776 lluo
794 2719 924 2794 pertinet
946 2716 1051 2777 Baccb.
1075 2714 1140 2777 446
1164 2717 1199 2775 ad
1224 2736 1312 2795 quem

138 2826 277 2893 spectare
301 2816 383 2877 Pauli
407 2816 533 2894 glossam
559 2835 585 2893 p.
606 2812 646 2873 79
671 2816 729 2873 uiri
752 2814 832 2873 docti
856 2822 1050 2892 putauerunt:
1074 2816 1211 2891 Expretu
1235 2819 1312 2876 unti-

140 2918 198 2988 an'
220 2917 362 2975 dicebant
384 2918 474 2989 quusi
496 2916 636 2989 expertia
658 2914 772 2972 bubtto.
805 2915 900 2989 Atque
924 2913 997 2973 baec
1021 2912 1141 2991 quidem
1164 2911 1259 2990 glossa
1281 2922 1314 2973 nt

139 3014 199 3071 iam
228 3011 417 3072 difficultates
444 3010 567 3089 praebet
600 3012 752 3088 maximas,
784 3012 824 3069 ita
857 3012 944 3068 etiam
978 3027 1086 3069 uersus
1118 3008 1223 3069 bacch,
1246 3007 1311 3071 446

139 3110 321 3188 interpretes
356 3127 532 3187 magnopere
570 3109 697 3167 uexauit.
749 3106 872 3185 Legitur
900 3109 979 3166 enim
1007 3106 1084 3186 apud
1117 3106 1310 3168 Ritscbelinm

137 3207 196 3267 boc
220 3206 320 3266 modo:
344 3208 394 3265 Fit
416 3209 561 3279 magister
584 3208 674 3280 quusi
695 3210 823 3265 lucerna
847 3211 938 3265 uncto
961 3212 1106 3280 expretus
1129 3208 1228 3265 linteo.
1263 3204 1310 3265 Vi·

139 3304 228 3365 detnr
260 3306 351 3382 igitur
384 3305 458 3362 ratio
482 3303 625 3380 quaedam
657 3304 804 3363 interesse
836 3304 915 3361 inter
947 3300 1028 3361 Pauli
1062 3301 1189 3379 glossam
1222 3284 1311 3380 atque

138 3402 229 3462 buius
253 3420 360 3461 uersus
380 3418 484 3460 uocem
509 3394 681 3478 ‘expretus'.
725 3398 832 3459 Verum
856 3417 953 3477 neque
967 3397 1063 3477 glossa
1078 3398 1162 3459 Pauli
1180 3399 1311 3478 intellegi

139 3507 238 3579 potest
273 3517 369 3576 neque
402 3506 546 3575 expretus
577 3498 647 3575 quid
681 3499 720 3556 sit
747 3495 843 3556 adbuc
876 3504 922 3555 est
949 3495 1145 3556 enucleatum.
1187 3496 1312 3556 decedit

139 3598 238 3657 hiatus
257 3603 324 3675 post
347 3613 452 3655 uocem
474 3599 603 3655 lucerna
626 3602 659 3654 ut
686 3603 825 3673 appareat
848 3611 969 3653 uersum
993 3612 1117 3672 prorsus
1135 3601 1311 3671 corruptum

141 3713 216 3755 esse.
267 3693 365 3763 Quare
389 3692 464 3751 banc
490 3711 554 3751 rem
582 3694 721 3752 intactam
745 3684 924 3772 relinquo.²)
970 3691 1081 3751 Similis
1109 3699 1197 3769 atque
1221 3690 1310 3752 buius

214 3878 240 3941 l)
260 3873 310 3942 Op.
330 3871 364 3938 11,
384 3876 444 3923 434.
470 3902 501 3909 -
522 3873 551 3939 2)
571 3873 687 3927 Praeter
704 3872 783 3926 illem
803 3871 992 3940 corruptelam
1009 3870 1204 3941 grauissimam
1223 3871 1309 3925 etiam

140 3954 197 4008 aliu
214 3954 243 4006 in
266 3954 319 4007 hoc
338 3967 419 4005 uersu
439 3952 526 4004 latere
545 3951 615 4006 mibi
633 3952 758 4018 uidetur,
782 3968 853 4018 quae
872 3950 982 4005 facilius
1001 3949 1103 4020 corrigi
1122 3952 1224 4019 potest.
1262 3951 1309 4005 Oi·

139 4032 230 4088 fendit
253 4031 325 4086 enirn
349 4030 445 4085 statim
469 4031 504 4084 ab
527 4031 608 4086 initio
631 4032 714 4085 huius
737 4048 833 4085 uersus
857 4034 942 4098 atque
968 4027 1109 4099 sequentis
1133 4030 1307 4084 coniunctio:

140 4114 192 4167 Fit
205 4112 349 4181 magister.
362 4151 367 4162 .
379 4153 385 4164 .
398 4150 403 4161 .
419 4111 486 4163 Itur
504 4111 583 4165 illinc
594 4154 600 4165 .
611 4154 616 4164 .
629 4152 634 4164 .
647 4151 653 4162 .
668 4107 767 4178 Neque
786 4111 877 4165 minus
896 4112 995 4163 durum
1014 4113 1057 4164 eat
1070 4110 1145 4179 quod
1164 4108 1224 4163 fieri
1243 4126 1306 4163 cum

137 4191 287 4261 participio
316 4191 496 4245 coniunctum
524 4194 574 4244 est.
611 4190 728 4245 Accedit
746 4190 821 4260 quod
840 4208 875 4245 ne
893 4189 1020 4244 codicum
1039 4190 1151 4258 quidem
1171 4190 1309 4258 scriptura

138 4325 237 4379 eadem
264 4326 307 4377 est
334 4339 406 4390 quae
425 4322 580 4378 Ritsobelii‚
616 4323 738 4378 Exhibet
762 4324 838 4377 enim
865 4272 961 4391 Bqdq
982 4321 1003 4375 G
1022 4322 1076 4391 Et,
1099 4322 1123 4375 Ι)
1142 4321 1207 4388 Fu,
1225 4320 1247 4373 F
1267 4322 1306 4377 It.

139 4406 231 4470 Quare
249 4404 285 4458 ad
303 4404 353 4458 hue
373 4402 554 4458 difficultates
572 4403 719 4457 soluendus
737 4403 810 4457 benc
824 4402 1012 4457 coniecturam
1029 4400 1220 4473 proposuerim
1234 4418 1306 4469 quae

137 4484 224 4539 etium
243 4484 280 4537 ed
298 4483 432 4537 librorum
452 4482 621 4551 optimorum
640 4482 808 4552 scripturam
826 4482 941 4552 propius
959 4483 1080 4537 accedit:
1105 4483 1155 4537 Ito
1176 4482 1307 4554 magister
