3192 5209
583 409 827 477 -219-

118 571 151 655 3,
175 573 193 635 ‘l
200 620 209 655 ‚
237 574 315 635 Fest
339 593 367 653 p.
391 571 455 635 217
482 594 504 636 s.
528 593 556 635 u.
580 573 792 653 Remeligines:
821 577 898 635 Nom
927 580 1004 651 quid
1029 580 1101 638 illae
1127 594 1210 637 nuno
1233 584 1294 638 tom

119 676 269 735 diuinitus
298 679 495 734 remorentur
522 674 722 747 remoltqiuec.
769 670 813 733 Ci.
835 671 916 734 Paul.
939 693 968 754 p.
991 671 1070 735 276:
1102 676 1184 747 Quid
1212 692 1295 735 onoc

119 774 191 831 illoc
223 777 285 830 toro
317 771 464 831 diuinitus
502 776 699 831 remorantur
734 773 934 846 remettqtaes.
985 772 1026 831 Ac
1059 772 1095 831 dc
1127 774 1295 852 scripturae

118 870 199 928 inter
217 866 340 927 Festum
362 866 544 947 Paulumque
567 868 657 929 huius
683 866 741 927 loci
769 866 945 929 differentiis
968 887 1043 947 quae
1070 869 1194 931 dicenda
1214 878 1308 952 sunt,-

117 970 178 1029 iam
201 974 287 1025 antes
310 967 509 1044 exposuimus.
555 965 591 1026 P:
620 968 697 1025 Num
724 968 802 1039 quid
827 970 918 1028 illaec
945 985 1028 1027 nuuc
1051 974 1111 1027 tom
1135 971 1189 1028 dtu
1213 971 1295 1028 tutus

117 1069 325 1125 remorantur.
371 1060 394 1122 A
418 1063 496 1123 idem
525 1062 645 1124 exhibet
672 1064 730 1123 nisi
758 1064 838 1144 quod
862 1062 1116 1125 REMILIGINES.
1162 1064 1293 1144 Apparet

116 1162 220 1241 igitur,
237 1159 359 1221 Festum
377 1178 446 1220 cum
465 1159 489 1219 A
508 1178 613 1221 uocem
632 1166 823 1238 remeltqtoes
842 1156 901 1243 (sic
920 1163 1001 1222 enim
1021 1160 1212 1222 scribendum
1233 1171 1295 1224 est:

118 1257 155 1320 cl.
180 1256 321 1338 vocitet,
344 1257 469 1337 Etymol.
494 1256 641 1319 Wdrterb.
665 1278 692 1338 p.
711 1256 797 1342 125),
821 1248 956 1339 33331)
980 1260 1157 1339 omiserunt,
1179 1262 1209 1319 in
1234 1260 1293 1341 line

117 1374 229 1416 uersus
260 1354 413 1433 praebere.
458 1356 561 1436 Neque
594 1374 669 1434 quac
702 1357 788 1418 aliter
821 1357 898 1437 apud
931 1355 1055 1416 Festum
1087 1355 1194 1416 tradita
1225 1366 1295 1417 sunt

118 1453 890 1534 31333131,3113131133333333133366333
915 1458 1115 1533 totus,atque
1142 1458 1215 1516 ittae
1237 1472 1294 1533 pro

118 1569 180 1629 quo
207 1554 238 1612 in
266 1550 350 1613 codd.
375 1555 464 1613 rltoeo
487 1559 568 1613 recte
596 1560 706 1633 exstat,
739 1555 812 1632 quin
841 1553 933 1630 meris
961 1551 1111 1613 scribendi
1141 1550 1295 1613 erroribus

117 1646 278 1710 tribuenda
301 1651 370 1731 sint,
393 1652 549 1730 quisquam
574 1646 756 1733 dubitabit)

209 1746 274 1810 Cas.
292 1745 359 1825 epil
379 1744 408 1827 l,
431 1745 508 1808 Fest.
531 1766 559 1826 p.
581 1742 690 1809 1663.
710 1767 738 1809 u.
761 1746 905 1810 Nauteam
922 1743 965 1827 ]o
987 1755 1089 1810 coorto
1111 1743 1195 1828 cup[.
1236 1749 1293 1809 Re·

117 1844 259 1905 ierendas
296 1862 361 1904 esse
398 1794 451 1905 has
488 1844 607 1905 lacinias
644 1845 680 1905 ad
718 1844 781 1906 Cas.
819 1848 933 1905 exitum
979 1854 1102 1926 apparet
1142 1864 1179 1907 ex
1219 1863 1295 1906 :rece

118 1950 228 2003 nautea
255 1951 286 2003 ct
314 1941 399 2003 codd.
428 1944 589 2021 scriptura:
620 1942 651 2003 P.
680 1944 721 2003 Ei
746 1962 808 2019 pro
839 1950 940 2005 coorto
969 1950 1157 2019 3333333133
1189 1946 1296 2011 hircus

118 2047 231 2101 unctus
263 2058 380 2102 conseo
413 2039 435 2098 A
463 2057 517 2118 pro
549 2042 655 2101 hircus
687 2040 808 2101 exhibet
840 2044 924 2101 trous
957 2058 1012 2119 pro
1047 2026 1163 2103 nouseo
1195 2048 1294 2102 antem

122 2144 247 2200 nautea.
294 2138 448 2200 Consentit
470 2139 562 2216 igitur
584 2136 691 2199 Festus
714 2158 783 2200 cum
806 2139 830 2200 A
853 2142 885 2199 in
908 2156 983 2199 uoce
1006 2132 1158 2222 couteo.²)

210 2234 295 2315 Epid.
319 2231 400 2316 592,
427 2234 506 2296 Fest.
529 2255 557 2315 p.
580 2233 646 2297 230
675 2256 697 2297 3.
721 2256 751 2298 u.
773 2237 944 2298 Plaustrum
967 2232 1140 2318 th'dtcus[
1163 2284 1294 2299 .....

112 2328 190 2413 Juro
215 2337 344 2410 percult.
390 2284 486 2412 Atque
517 2333 591 2393 haec
624 2334 745 2412 quidem
774 2338 927 2414 pertinere
959 2334 995 2395 ad
1023 2329 1197 2413 11313592
1227 2352 1293 2414 per·

106 2433 258 2509 spicuum
286 2437 345 2511 est,
379 2432 429 2509 qui
456 2430 649 2491 exhibetur
641 2450 673 2492 in
701 2432 735 2494 P:
768 2434 917 2510 Epidicus
946 2434 1023 2493 mibi
1053 2436 1165 2507 moqist
1165 2452 1200 2494 or
1224 2432 1295 2507 fuit.

118 2532 210 2591 Perti
231 2548 287 2590 aus
290 2536 370 2591 trum
393 2532 518 2605 percult
544 2537 573 2589 et
596 2530 687 2591 ioA:
715 2529 841 2592 EPllJlG
865 2577 998 2593 .....
1021 2518 1295 2591 TRVMPERCVLI.
1347 2568 1351 2572 -

119 2628 153 2689 Si
173 2637 255 2689 recte
279 2646 295 2687 a
318 2626 438 2687 Goetzio
457 2626 644 2697 Ambrosiani
665 2628 802 2689 lacunam
825 2628 971 2708 expletam
995 2646 1061 2689 csse
1079 2628 1250 2709 putabimus
1257 2621 1294 2711 3),

121 2728 153 2786 13
179 2744 254 2786 3333
275 2719 463 2803 ‘plaustrum'
485 2724 509 2785 A
533 2733 564 2786 et
586 2724 694 2787 Festus
717 2729 918 2787 consentiunt.

212 2822 271 2883 Mil.
281 2819 355 2903 581,
369 2820 447 2884 Fest.
458 2842 486 2901 p.
499 2820 561 2885 169
577 2842 600 2883 3.
610 2843 639 2884 n.
649 2822 741 2883 Nassa
751 2826 922 2900 Numquam
935 2829 1061 2887 hercule
1074 2844 1115 2887 ex
1128 2828 1188 2886 isto
1201 2844 1294 2887 nosco
1314 2888 1317 2892 .

119 2924 211 2982 bodie
225 2938 281 2996 eqo
295 2937 395 2981 occant
405 2927 516 2996 potum.
553 2920 596 2981 Cl.
610 2920 691 2982 Paul.
709 2918 770 2983 168
785 2925 956 2998 Numquam
970 2944 1011 2985 eo:
1025 2927 1084 2984 isto
1098 2942 1191 2985 cosso
1205 2926 1295 2985 bodie

120 3038 177 3095 eoo
197 3036 298 3079 eccum
311 3026 422 3095 petum
464 3017 592 3079 Aidem.
635 3018 778 3079 Pmosso
797 3028 828 3081 et
845 3015 898 3102 (B)
920 3025 1032 3098 capior
1050 3014 1128 3104 (cit)
1147 3028 1294 3097 capetano.

72 3144 78 3151 ·
119 3117 214 3177 Recte
233 3118 325 3195 igitur
343 3134 412 3176 cum
426 3116 450 3176 A
465 3115 573 3176 Festus
592 3115 672 3177 hunc
686 3134 809 3177 uersum
824 3118 951 3180 exhibet.
989 3118 1128 3180 Ceterum
1148 3113 1294 3179 ‘hercule'

119 3213 200 3294 apud
230 3212 351 3275 Festum
382 3222 416 3274 ut
445 3213 502 3274 hoc
532 3212 611 3295 loco,
643 3216 686 3274 sic
717 3217 805 3275 ctiam
835 3234 863 3295 p.
889 3213 952 3277 118
983 3234 1006 3276 s.
1030 3236 1059 3277 u.
1090 3216 1293 3278 oculissimum

120 3332 157 3373 ex
186 3310 291 3372 Pseud.
317 3331 344 3372 u.
368 3309 431 3373 301
466 3310 585 3372 allatum
611 3313 782 3373 inuenimns
815 3331 869 3392 pro
897 3321 980 3374 recta
1007 3315 1101 3374 lorma
1128 3313 1294 3391 Plautoque

118 3409 278 3471 tribuenda
289 3404 420 3469 ‘hercle'.
444 3408 597 3487 Atqueilla
608 3410 972 3488 quidemiormaaPlauto
983 3411 1176 3472 abiudicanda
1190 3418 1293 3472 utrum

120 3526 156 3567 ex
183 3508 287 3567 codice
311 3506 410 3585 aliquo
429 3514 554 3587 sumpta,
578 3526 614 3566 33
637 3525 692 3584 per
715 3506 852 3567 librarios
875 3512 906 3569 in
925 3508 1010 3569 Verri
1029 3509 1126 3570 Flacci
1145 3518 1196 3570 aut
1213 3508 1294 3569 Festi

119 3614 206 3666 textu
222 3613 286 3665 orta
301 3607 349 3686 sit,
363 3603 492 3665 dubitari
507 3612 613 3684 potest.
628 3604 739 3665 Tamen
749 3604 806 3665 hoc
816 3604 888 3665 mihi
897 3606 1079 3685 probabilius
1090 3606 1210 3668 uidetur
1220 3626 1294 3668 3333.

195 3779 221 3845 1)
239 3775 341 3830 Nescio
361 3776 517 3845 Geppertna
536 3792 585 3830 eur
603 3775 633 3829 in
651 3745 705 3831 hoc
728 3793 812 3831 uersu
831 3776 1004 3833 restituendo
1023 3778 1052 3833 et
1071 3780 1150 3834 codd.
1171 3781 1201 3835 31
1218 3778 1295 3834 Festi

119 3854 290 3925 scripturam
313 3854 476 3926 neglexerit.
515 3854 639 3925 Scripsit¹
665 3856 752 3910 enim:
782 3857 856 3911 Nam
880 3856 948 3925 quid
976 3858 1043 3913 sslae
1071 3859 1138 3914 hino
1165 3862 1223 3914 tem
1247 3858 1296 3912 diu

120 3939 200 3991 intus
219 3935 394 3990 remoranhir
411 3934 600 4003 remeligines.
638 3936 672 3989 ln
690 3935 791 4004 quibus
815 3936 934 3992 offendit
952 3938 1112 3995 coniunctio
1131 3938 1297 3993 uerborum:
1355 3962 1362 3975 ·

122 4015 201 4070 ‘hinc
219 4016 295 4070 intua
315 4015 510 4082 remorantur’‚
538 4015 612 4083 quod
632 4016 744 4071 omnino
763 4016 821 4071 dici
839 4035 920 4087 posse
938 4016 1109 4087 negauerim.
1146 4017 1296 4074 Praeterea

121 4098 220 4151 antem
239 4093 352 4149 etiamsi
374 4099 450 4151 recte
473 4096 569 4150 omnis
591 4113 620 4150 33
645 4096 748 4151 habere
773 4098 987 4154 concederemus
1010 4099 1040 4152 in
1059 4098 1139 4153 codd.
1158 4098 1296 4168 scripturn

120 4194 186 4231 cum
205 4173 277 4229 nihil
297 4174 456 4231 offensionis
476 4174 529 4243 sit,
554 4176 668 4231 omnino
687 4177 766 4231 nulla
785 4194 870 4234 causa
896 4180 1015 4246 est,··cur
1032 4178 1186 4247 quidquam
1204 4180 1295 4231 mute-

118 4272 192 4311 mus.
214 4286 246 4295 -
274 4258 300 4324 2)
320 4254 363 4309 Ne
387 4254 433 4308 hic
457 4255 570 4322 quidem
593 4272 690 4312 nereus
712 4263 788 4313 recte
813 4259 888 4328 apud
908 4259 1079 4329 Geppertum
1102 4256 1224 4328 scriptus
1243 4259 1293 4312 est

119 4336 176 4403 Qui
194 4335 218 4391 si
236 4331 340 4389 cumA
358 4336 455 4390 contra
473 4335 596 4410 reliquos
615 4337 695 4392 codd.
711 4336 827 4407 scripsit
847 4338 954 4406 ‘iscus',
972 4338 1075 4393 falsum
1093 4354 1157 4393 eum
1175 4336 1294 4407 scriptu·
1338 4348 1341 4351 ’

119 4433 183 4471 ram
212 4431 272 4471 esse
296 4414 462 4469 Sabinorum
487 4416 590 4471 ‘fircus'
617 4417 707 4473 docet.
745 4416 786 4471 cf.
808 4418 934 4486 Curtius,
957 4416 1123 4489 Grundzngs
1134 4417 1154 4487 ⁴,
1179 4423 1238 4472 132.
1258 4446 1293 4458 -

122 4497 149 4565 3)
171 4494 212 4550 of.
232 4493 292 4552 eius
311 4496 436 4551 annotat
