3192 5209
790 424 826 433 -
875 387 1027 453 234-

321 556 383 611 tam
410 568 437 612 e.
452 569 479 630 q.
494 569 516 612 s.
562 548 585 611 P
614 550 706 629 igitur
734 549 911 611 recensione
943 559 1025 612 reeta
1052 552 1146 613 forma
1174 553 1280 615 tradita
1313 560 1366 615 est.
1413 552 1505 613 Nam

321 648 400 727 quod
433 656 528 710 exstat
565 651 778 727 balapbanteat
811 666 870 708 non
907 650 1113 726 balapaatm
1155 650 1318 712 seeundum
1360 669 1509 730 sequens

322 754 532 823 syeopautaaa,
564 766 600 808 ex
629 766 688 826 quo
716 765 835 826 semper
862 750 1077 826 spaopbaateat
1108 750 1218 810 laetum
1247 750 1384 812 uidemus
1415 767 1508 830 esse,

320 846 465 922 seriptum
493 853 548 906 est.
593 846 770 922 Halapaata
802 851 903 905 autem
930 845 1010 924 quod
1037 846 1114 926 apud
1142 846 1266 907 Paulum
1291 855 1396 929 exstat,
1420 865 1505 908 oum

322 940 430 1001 Brandi
453 942 650 1021 glossatorum
674 961 763 1022 opera
787 943 897 1005 laetum
921 960 993 1024 esse·
1009 950 1157 1022 putamus.

410 1039 495 1101 Cure.
516 1036 592 1122 566,
605 1040 683 1105 Fest.
697 1061 725 1120 p.
745 1038 810 1104 372
825 1058 848 1101 s.
863 1058 891 1099 u.
906 1039 1017 1119 Vapula
1030 1039 1145 1120 Papiria
1160 1044 1282 1104 Reddin
1296 1062 1338 1104 aa
1351 1061 1413 1105 aaa
1427 1060 1504 1103 mu-

320 1141 424 1200 llerem
432 1142 529 1219 prius,
544 1156 635 1214 quam
649 1146 678 1201 te
691 1141 762 1199 bute
777 1156 870 1213 meae,
883 1138 1068 1199 machaerae
1082 1142 1179 1202 obtato
1193 1143 1355 1215 maetipia?
1373 1141 1503 1217 Vapula

321 1254 395 1311 erpo
410 1232 471 1316 [=
486 1240 638 1317 uapulare
656 1232 730 1316 epo]
744 1244 773 1297 te
787 1239 979 1297 uehementer
992 1237 1089 1319 iubeo,
1104 1256 1202 1299 neme
1220 1240 1359 1299 territes
1378 1237 1501 1297 Totum

319 1332 418 1393 locum
438 1334 547 1412 prioris
571 1352 678 1395 uersus
701 1352 788 1395 eausa
812 1332 906 1414 attuli,
926 1331 977 1393 ubi
1001 1334 1086 1396 oodd.
1101 1334 1241 1396 exhibent
1259 1338 1412 1410 alapiaeaa
1434 1355 1500 1415 pro

320 1433 402 1493 Festi
420 1435 582 1493 mulierem.
608 1431 738 1511 Vtraque
762 1439 861 1493 autem
884 1433 1036 1511 scriptura
1058 1452 1127 1493 eum
1150 1436 1189 1495 sit
1207 1435 1368 1514 aptissima,
1385 1435 1439 1493 uir
1456 1434 1500 1493 de

322 1548 393 1591 easu
422 1528 548 1607 quodam
580 1530 704 1606 eogitari
736 1529 820 1610 lieet,
852 1529 904 1589 sed
932 1529 1033 1591 eadem
1061 1539 1151 1610 atque
1182 1549 1285 1593 eorum
1314 1533 1366 1611 qui
1392 1530 1500 1593 adhue

326 1629 443 1688 tractati
467 1635 545 1709 suut,
568 1626 669 1699 huius,
682 1626 739 1687 loci
763 1626 898 1688 condicio
923 1628 1044 1690 uidetur
1066 1646 1141 1689 esse.

409 1723 516 1785 Pseud.
543 1722 765 1807 16.17‚Fest.
789 1744 818 1804 p.
833 1719 899 1785 305
922 1742 946 1785 s.
963 1743 993 1785 u.
1018 1725 1231 1805 Suppremuur:
1256 1729 1397 1789 Plautus:
1422 1724 1502 1807 [Me

322 1826 468 1887 auttdbaa
504 1819 715 1903 suppreJmuta
751 1826 887 1885 habuisti
917 1818 1069 1902 se[ma'tem
1092 1820 1244 1904 eoustlta's]
1273 1829 1340 1886 tuis.
1387 1824 1502 1887 Gadda

322 1922 374 1983 Me
392 1923 540 1983 auttdbae
562 1940 733 1999 supremum
756 1924 891 1983 habuisti
918 1925 1054 1983 comitem
1078 1925 1219 1983 'canaitis
1245 1925 1317 1992 tata.
1363 1922 1501 1983 Dubium

321 2017 442 2079 uidetur
465 2037 537 2078 num
565 2027 645 2079 reete
659 2022 704 2081 iu
728 2019 836 2079 litteris
863 2016 942 2097 apud
970 2016 1092 2079 Festum
1131 2021 1260 2079 seruatis
1290 2039 1325 2081 se
1355 2018 1500 2082 eodioum

322 2116 500 2193 scripturam
532 2116 624 2177 latere
657 2118 809 2195 putauerit
841 2114 874 2176 Ο.
902 2112 1073 2179 Muellerus.
1118 2116 1249 2196 Cogitari
1281 2118 1361 2179 enim
1393 2125 1500 2197 potest

322 2212 397 2273 alius
422 2212 558 2273 uooabuli
582 2213 659 2293 apud
684 2212 806 2274 Festum
830 2214 948 2273 initium
972 2222 1126 2277 seruatam
1147 2233 1222 2278 esse.
1268 2215 1310 2275 Ao
1331 2214 1405 2275 mibi
1430 2216 1499 2293 qui-

324 2310 392 2373 dem
412 2310 576 2371 seeundum
590 2312 710 2374 laoinIas
731 2312 850 2372 relictas
873 2313 916 2370 sie
934 2310 1116 2389 probabilius
1134 2312 1184 2373 ille
1203 2330 1310 2375 uersus
1329 2311 1497 2391 explendus

321 2408 442 2469 uidetur
474 2426 553 2471 esse:
595 2406 666 2490 [Me
688 2400 837 2472 antldbae
863 2406 1075 2490 suppreJmum
1101 2412 1236 2471 tabulati
1259 2404 1395 2489 so[ea’um
1423 2426 1496 2469 eoa-

321 2503 416 2588 silr'ts]
440 2507 557 2569 taisel.
576 2507 635 2569 llil.
657 2504 742 2569 1013
766 2502 959 2567 ‘Soeieonum
986 2513 1106 2567 tuorum
1131 2500 1349 2586 consiliorum,
1376 2514 1411 2567 ut
1434 2506 1495 2566 lor-

322 2612 399 2667 tasse
422 2604 478 2665 boo
502 2624 620 2685 quoque
644 2606 710 2666 loeo
733 2606 943 2666 recensiouum
966 2603 1150 2663 offendamus
1174 2602 1380 2663 differentiam.

410 2701 492 2763 Pers
517 2700 591 2783 244,
618 2702 700 2764 Paul.
723 2722 752 2782 p.
776 2699 841 2763 366
872 2700 999 2777 Tippala
1027 2704 1169 2763 bestiolae
1194 2720 1291 2777 penas
1318 2720 1373 2763 sea
1398 2706 1494 2779 pedes

321 2800 473 2881 babeatis,
495 2803 551 2861 sed
573 2808 677 2863 tautae
700 2803 845 2874 leuitatis,
873 2806 908 2861 ut
928 2817 1022 2875 super
1044 2816 1155 2875 aquam
1178 2817 1309 2860 currens
1331 2815 1392 2859 aaa
1415 2802 1493 2861 desi-

322 2899 383 2957 dat.
429 2899 571 2959 Plautus:
608 2900 711 2973 Neque
748 2901 881 2974 tippulae
914 2901 1013 2958 leatus
1045 2900 1165 2974 paudus
1196 2902 1253 2970 est,
1291 2914 1382 2970 quam
1414 2900 1493 2971 fides

320 2998 451 3059 leaout'a.
497 2994 600 3057 Codd.:
633 2996 736 3071 Neque
762 3000 893 3073 stipulae
923 2989 998 3074 [eo
1024 2990 1161 3074 stapuleJ.
1206 2993 1301 3055 Variis
1329 2993 1366 3053 de
1394 2996 1492 3054 nausis

321 3092 378 3154 hoc
406 3112 499 3155 uersu
527 3094 716 3154 offenderunt
742 3095 803 3153 uiri
829 3091 919 3155 doeti
963 3092 1060 3170 Atque
1092 3094 1123 3152 in
1155 3092 1238 3151 exitu
1264 3090 1385 3170 quidem
1412 3091 1491 3169 quod

223 3270 225 3276 ι
323 3199 354 3252 et
389 3190 497 3253 Festus
534 3202 563 3252 et
604 3191 688 3253 codd.
721 3190 874 3251 exhibent:
915 3206 1007 3263 quam
1037 3189 1116 3261 fides
1157 3190 1291 3262 anania,
1336 3186 1490 3249 llaeerius:

319 3291 383 3363 fide
406 3294 554 3365 leaouiae,
577 3287 767 3369 Ritsehelius,
791 3289 841 3347 eui
864 3288 1025 3347 assentitur
1038 3277 1291 3365 Buechelerus¹):
1310 3288 1388 3357 fides
1411 3289 1488 3356 lesa·

321 3388 393 3447 alae
425 3386 615 3447 scribendum
648 3404 715 3447 esse
747 3386 874 3446 censuit.
918 3382 1020 3463 Neque
1053 3390 1152 3443 tamen
1183 3382 1256 3442 mibi
1289 3384 1488 3443 necessarium

323 3501 388 3544 esse
413 3484 542 3565 uidetur,
565 3491 600 3544 ut
618 3484 755 3545 traditam
775 3485 953 3562 scripturam
971 3488 1129 3541 mutemus.
1171 3479 1230 3540 Sed
1249 3481 1280 3540 lo
1297 3482 1382 3541 initio
1401 3479 1487 3540 buius

322 3600 429 3644 uersus
462 3581 652 3643 difficultates
685 3588 802 3643 exstant
833 3579 1034 3659 grauissimae.
1078 3577 1175 3655 Atque
1210 3578 1339 3656 primum
1370 3575 1486 3656 quidem

322 3666 476 3758 quaeritur
509 3688 611 3741 utrum
644 3677 762 3739 codices
791 3679 888 3737 secuti
914 3678 1044 3751 stipatae
1076 3692 1113 3733 an
1140 3692 1209 3735 oum
1237 3674 1325 3736 Festo
1356 3679 1486 3752 tippulae

323 3776 497 3837 scribamus.
544 3775 666 3837 Videtur
696 3783 794 3836 autem
822 3772 896 3834 baec
924 3773 1090 3835 differentia
1118 3771 1252 3833 eiusdem
1274 3775 1393 3852 generis
1415 3791 1487 3851 esse,

324 3877 410 3937 euius
431 3874 639 3935 recensionum
654 3874 868 3950 discrepantias
882 3889 948 3932 esse
971 3871 1110 3934 uidimus.
1155 3871 1252 3949 Atque
1274 3873 1405 3946 stipulae
1427 3870 1484 3947 qui·

324 3974 391 4035 dem
414 3970 491 4031 bene
511 3972 612 4031 sensui
631 3977 730 4050 aptum
751 3987 818 4029 esse
838 3976 969 4049 apparet,
993 3985 1084 4047 quare
1103 3966 1310 4028 Lachmaonus
1327 3965 1386 4027 hoa
1403 3984 1484 4027 uoca-

323 4070 426 4132 bulum
446 4062 622 4148 praetulit.²)
654 4066 711 4129 Sed
731 4075 830 4128 tamen
849 4066 976 4127 alterum
994 4063 1120 4125 uerbum
1139 4068 1256 4141 appula
1275 4062 1353 4142 quod
1372 4070 1483 4141 praeter

322 4168 402 4227 hune
420 4164 515 4225 Plauti
535 4163 632 4225 loeum
651 4166 739 4225 etiam
760 4165 838 4244 apud
859 4164 1019 4223 Varronem
1038 4162 1186 4222 exstitisse
1205 4160 1320 4221 Nouius
1338 4179 1366 4238 p.
1384 4156 1483 4240 180‚9

322 4263 425 4343 tradit,
453 4269 483 4321 et
506 4269 627 4339 propter
650 4262 909 4341 significationem,
938 4276 1027 4338 quam
1054 4274 1113 4319 non
1141 4256 1237 4318 solum
1260 4256 1370 4317 Paulus
1392 4258 1482 4317 inesse

394 4470 420 4537 1)
438 4466 606 4537 omnazege
625 4466 674 4520 aer
692 4466 741 4521 ue.
760 4450 837 4521 olel.
856 4484 884 4536 p.
899 4472 933 4521 se
953 4468 979 4536 (a
993 4466 1064 4534 1se).
1085 4495 1118 4505 -
1146 4466 1174 4535 a)
1193 4462 1237 4519 Aa
1253 4463 1364 4519 eume
1382 4480 1410 4532 p.
1430 4466 1480 4517 uo.
1554 4465 1555 4520 3
