3192 5209
774 415 1017 481 -222-

309 580 389 640 llaec
412 581 492 640 enim
515 579 626 640 locutio
651 588 684 640 ut
712 580 859 658 significat
883 598 952 640 eum
974 580 1072 641 locum
1096 580 1149 640 uhi
1171 581 1296 661 flagrum
1319 586 1495 657 exercetur,

309 680 350 755 ita
372 678 422 745 illa
446 695 515 738 eum
534 677 695 757 significari
713 686 796 756 puto,
820 696 881 755 quo
900 677 951 737 din
973 677 1118 757 ualdeque
1137 697 1224 739 caeso
1242 680 1369 757 flagrum
1387 679 1496 757 ipsum

311 775 420 836 sudans
443 774 589 835 redditur.
635 773 733 844 Quare
763 793 831 835 cum
859 775 916 834 hoc
939 774 1067 836 uerbum
1090 776 1175 837 Verri
1198 777 1297 839 Flacci
1320 788 1412 856 atque
1435 792 1497 833 au·

310 883 428 933 uturum
457 874 523 933 eius
546 871 732 952 temporibus
760 874 819 931 iam
844 871 1005 932 obscurum
1035 874 1128 934 luisse
1152 875 1298 955 uideatur,
1321 884 1416 936 ulex
1441 870 1497 931 ad-

308 972 368 1031 dita
395 970 445 1030 illa
472 958 556 1031 Panli
587 969 783 1049 explicatione
812 978 949 1050 apparet,
983 969 1119 1031 facillime
1148 975 1340 1051 grammatico
1369 969 1496 1031 cuidam

308 1071 482 1129 cubiculum
510 1066 703 1127 scribendum
731 1084 796 1127 esse
825 1069 857 1127 in
880 1069 1010 1127 animum
1034 1071 1139 1130 11511115
1162 1074 1269 1149 potuit.
1315 1071 1415 1141 Quare
1439 1066 1496 1126 hic

308 1166 391 1227 locus
420 1184 457 1225 ex
487 1164 589 1225 eadem
614 1182 672 1243 qua
695 1164 718 1222 A
742 1166 918 1225 recensione
946 1166 983 1227 ad
1006 1166 1128 1228 Festum
1155 1172 1331 1247 peruenisse
1359 1168 1497 1227 tortasse

308 1263 470 1341 uidebitur.
517 1263 628 1322 Tamen
666 1280 734 1322 cum
774 1261 898 1341 reliquis
935 1266 1119 1324 recensionis
1157 1265 1284 1346 duplicis
1316 1264 1393 1325 locis·
1425 1281 1498 1323 eam

307 1364 454 1423 rationem
477 1362 693 1440 inuenerimus,
716 1366 750 1419 ut
773 1358 796 1418 P
820 1367 920 1420 rectas
942 1362 966 1419 A
990 1361 1078 1422 lalsas
1102 1362 1256 1425 exhiheret
1279 1366 1398 1443 formas,
1423 1381 1496 1423 eam

308 1458 513 1535 explicationis
536 1458 615 1516 uiam
638 1456 755 1533 ingredi
779 1475 839 1516 non
863 1456 941 1538 licet,
970 1459 1023 1519 sed
1050 1462 1169 1521 etiamsi
1192 1464 1364 1527 coniectura
1387 1471 1498 1521 ortum

308 1563 449 1635 putamus
473 1555 656 1627 cubiculum,
681 1561 779 1614 tamen
805 1572 864 1614 non
888 1556 984 1617 eidem
1007 1561 1134 1638 tempori
1158 1562 1207 1620 cui
1229 1558 1294 1619 illas
1317 1560 1369 1620 sed
1393 1558 1497 1620 multo

310 1654 470 1733 posteriori
493 1650 670 1711 tribuemus.

396 1749 481 1810 anus
510 1758 605 1810 restat
639 1748 724 1808 locus
753 1747 904 1810 1111124
931 1749 985 1810 ubi
1012 1752 1120 1814 Paulus
1149 1771 1217 1813 curn
1246 1753 1269 1811 A
1298 1756 1441 1813 immunis
1473 1751 1499 1810 P

310 1857 410 1910 antem
445 1850 594 1909 recensio:
626 1850 753 1907 eumenis
783 1847 814 1906 id
847 1856 893 1908 est
925 1850 1072 1909 inmoenis
1100 1849 1228 1911 exhibet.
1274 1850 1371 1929 Atque
1400 1852 1499 1911 huius

310 1946 430 2025 quidem
454 1945 512 2007 loci
536 1944 672 2006 condicio
695 1963 820 2024 prorsus
843 1945 899 2004 alia
922 1954 968 2005 est
992 1964 1081 2024 quam
1103 1964 1221 2028 eorum,
1245 1948 1281 2007 de
1305 1948 1418 2026 quibus
1442 1947 1498 2007 ad·

309 2044 369 2103 huc
393 2045 518 2122 egimus.
564 2043 625 2103 Illis
653 2044 733 2103 enim
760 2042 899 2103 omnibus
926 2050 1040 2103 rectam
1067 2045 1182 2105 cumA
1212 2052 1315 2105 contra
1338 2044 1363 2103 P
1384 2054 1498 2105 seruat

310 2140 419 2203 Festus
443 2142 636 2218 scripturam:
659 2138 716 2199 hoc
739 2139 805 2200 loco
829 2158 897 2201 cum
916 2140 940 2200 A
960 2140 1063 2201 lalsam
1082 2140 1210 2201 exhibet.
1251 2142 1347 2220 Atque
1366 2145 1499 2222 grauior

309 2240 384 2299 mihi
406 2238 480 2297 haec
503 2240 584 2297 inter
607 2237 630 2295 A
654 2245 684 2297 et
705 2235 728 2296 P
751 2236 919 2297 differentia
943 2238 1064 2298 uidetur
1086 2257 1152 2298 esse
1177 2256 1265 2317 quam
1289 2257 1365 2318 quae
1389 2240 1499 2300 ortho-

309 2336 468 2417 graphicae
491 2338 600 2396 rationi
624 2336 663 2394 sit
686 2333 852 2395 tribuenda.
895 2333 998 2415 Neque
1022 2339 1101 2396 enlm
1125 2340 1283 2417 quisquam
1306 2357 1378 2398 casu
1402 2348 1436 2397 et
1461 2339 1496 2395 in

308 2436 332 2493 A
356 2443 387 2495 et
410 2434 488 2512 apud
511 2432 633 2493 Festum
657 2431 706 2491 nel
728 2430 853 2492 Paulum
878 2452 913 2492 ex
937 2437 1073 2511 iumoeue
1095 2436 1206 2495 lactum
1230 2436 1390 2496 contendet
1421 2452 1494 2495 esse

311 2537 451 2593 immune.
499 2530 597 2601 Quare
626 2528 682 2588 hoc
715 2546 809 2589 uersu
841 2530 975 2590 eiusdem
1007 2536 1187 2594 correctoris
1216 2551 1336 2594 mantum
1364 2531 1496 2593 offendi-

310 2648 391 2711 mus,
423 2631 509 2691 euius
537 2626 567 2687 id
596 2627 652 2687 luit
675 2626 847 2706 consilium,
875 2636 910 2687 ut
931 2646 986 2707 pro
1009 2630 1113 2690 formis
1136 2634 1266 2691 uetustis
1289 2639 1379 2709 atque
1403 2629 1496 2688 obso-
1594 2689 1595 2710 ζ

309 2728 378 2789 15115
402 2745 498 2787 nouae
522 2736 552 2786 et
575 2735 742 2804 temporum
766 2727 837 2785 usui
860 2726 1141 2787 accommodatiores
1164 2728 1345 2807 legerentur.

402 2824 484 2895 Quae
508 2826 640 2883 sirecte
668 2822 817 2901 disputata
841 2831 923 2904 sunt,
951 2827 1076 2903 propius
1103 2825 1187 2886 adA
1210 2828 1396 2886 recensionis
1420 2844 1496 2885 con-

309 2931 426 2984 textum
454 2920 547 2983 uerba
576 2920 695 2981 Festina
722 2920 877 2981 accedunt.
924 2921 1027 3000 Neque
1043 2931 1163 2999 ,contra
1195 2925 1265 2984 lacit
1293 2924 1369 2984 alius
1397 2922 1496 3003 locus,

310 3022 382 3083 (list.
411 3018 536 3083 uersnui
563 3020 629 3079 dico
657 3036 717 3077 uno
745 3017 769 3076 A
797 3018 952 3099 traditum,
980 3022 1031 3098 qui
1061 3022 1138 3101 apud
1167 3021 1246 3082 Fest.
1269 3041 1297 3101 p.
1321 3018 1389 3081 274
1414 3040 1438 3080 s.
1465 3039 1494 3080 11.

310 3120 417 3181 Rarum
445 3120 488 3178 sic
517 3120 647 3197 scriptus
674 3124 733 3176 est:
755 3111 986 3195 ]expcriuruui
1006 3115 1094 3198 ber[-
1112 3115 1186 3199 ]im.
1216 3139 1284 3180 cum
1311 3123 1344 3179 in
1368 3121 1392 3177 A
1416 3119 1494 3179 haec

310 3212 475 3297 exstant¹):
509 3212 1368 3277 EXPVRGABOKERCLFSOMNIAADRAVCAMRAVIM.
1427 3217 1493 3276 Pri·

310 3333 394 3375 mum
427 3316 507 3374 enim
539 3312 667 3375 trerbum
699 3311 776 3391 apud
809 3311 931 3373 Festum
964 3317 1077 3374 etiamsi
1110 3324 1214 3376 contra
1247 3316 1271 3375 A
1303 3317 1493 3394 expurigaui,
1594 3367 1595 3390 q

257 3486 259 3494 y
309 3412 389 3492 quod
410 3411 601 3473 rectum-hoc
622 3429 712 3471 uersu
733 3418 787 3491 est,
810 3412 902 3470 luisse
926 3411 1045 3472 uidetur
1069 3421 1168 3472 tamen
1192 3414 1223 3473 in
1242 3431 1326 3492 uoce,
1353 3408 1493 3491 ‘rauim',
1594 3435 1595 3458 1

311 3530 370 3590 qua
394 3510 518 3571 ultimus
541 3527 649 3569 uersus
672 3527 725 3587 pes
748 3514 783 3567 ut
805 3507 959 3585 expleatur
982 3508 1063 3569 nullo
1086 3511 1174 3570 modo
1197 3511 1263 3570 lieri
1286 3517 1395 3592 potest,
1422 3528 1492 3569 cum

310 3610 334 3667 A
360 3609 467 3668 iecisse
491 3606 598 3667 Festus
623 3604 748 3666 uidetur.
796 3603 882 3674 Quod
906 3606 1012 3666 uitium
1041 3626 1098 3686 qua
1123 3611 1237 3669 ratione
1260 3608 1418 3669 uitandum
1443 3610 1493 3687 sit,

312 3708 369 3765 etsi
392 3704 508 3765 nullum
532 3704 620 3765 uideo
644 3701 818 3782 remedium,
843 3711 939 3763 tamen
964 3723 999 3763 eo
1021 3706 1087 3784 ipso
1111 3708 1257 3766 sententia
1277 3715 1380 3767 nostra
1399 3708 1492 3766 etiam

310 3804 405 3882 magis
434 3802 671 3883 commendatur,
701 3819 769 3860 cum
797 3799 871 3859 haec
899 3803 996 3860 omnia
1024 3802 1060 3862 ad
1089 3803 1221 3863 codicem
1252 3804 1275 3861 A
1304 3806 1493 3863 recensionis
1593 3867 1594 3886 χ

310 3902 412 3962 redire
436 3901 651 3961 contendimus.
1593 3891 1594 3918 ¹

404 4094 424 4175 ξ
451 4097 499 4159 12.
536 4096 677 4178 Sequitur
700 4107 734 4159 111
758 4098 802 4157 515
826 4097 908 4177 15515,
931 4095 982 4158 ubi
1001 4098 1024 4157 A
1049 4095 1121 4159 etP
1143 4097 1223 4172 idem
1241 4096 1391 4180 exhibent,
1411 4115 1493 4178 quae

312 4202 352 4259 sit
376 4200 452 4257 ratio
475 4192 552 4256 i'nter
575 4194 695 4256 Festum
723 4195 903 4272 codicesque
931 4195 1017 4274 paulo
1046 4194 1217 4273 diligentius
1240 4195 1494 4273 contemplemur.

312 4297 395 4367 Quae
416 4314 481 4357 cum
501 4294 608 4373 duplex
632 4311 698 4353 esse
721 4295 825 4373 possit,
849 4301 883 4352 ut
897 4292 977 4352 Festi
1000 4294 1150 4371 scriptura
1173 4301 1225 4352 aut
1247 4296 1416 4353 consentiat
1437 4304 1493 4353 aut

387 4505 412 4571 1)
429 4502 471 4557 uf.
492 4500 667 4559 Studemund
685 4498 715 4553 in
731 4500 828 4560 Herm.
848 4497 869 4567 I,
888 4504 949 4553 298.
969 4502 1030 4552 299.
