3192 5209
759 429 801 471 ·-
850 387 917 489 202¹
961 462 1003 471 -

297 610 404 652 uersus
428 594 505 672 aputl
529 594 648 653 Festum
674 601 824 653 exstantes
848 601 960 652 mertata
986 593 1082 651 forma
1111 594 1140 650 in
1165 610 1240 669 opus
1264 589 1351 651 suum
1376 600 1472 653 trans-

297 690 408 750 tulisse.
454 690 526 750 lnde
548 691 622 750 baec
651 690 862 769 comprobatur
890 692 980 769 ratio,
1011 698 1044 749 ut
1073 690 1212 749 omuibus
1242 691 1365 769 reliquis
1388 690 1473 770 locis,

297 786 348 847 ubi
376 807 482 849 uersus
510 787 638 850 Plautini
671 791 847 869 alienantur,
879 791 937 848 nisi
971 790 1100 861 rationes
1133 786 1243 847 obsunt
1275 790 1472 866 gratuissimae

297 882 481 963 (dequibus
506 880 639 967 postea),
669 888 766 946 omnia
791 904 868 965 quae
899 885 976 965 apud
1007 885 1130 945 Paulum
1155 895 1238 965 sunt,
1265 886 1357 945 luisse
1381 888 1470 945 etiam

297 976 373 1060 apud
398 980 520 1042 Festum
544 984 766 1044 contendamus
899 1047 901 1052 ,

385 1078 414 1141 3.
445 1080 578 1142 Vidimus
605 1101 642 1142 ex
672 1085 715 1141 eis
743 1100 818 1159 quos
842 1091 927 1140 antea
951 1081 1104 1141 attulimus
1127 1081 1200 1140 locis
1227 1099 1243 1139 a
1267 1080 1357 1141 Paulo
1380 1101 1470 1161 saepe

297 1177 380 1261 locos
396 1178 548 1240 Plautinos
573 1183 636 1239 siue
661 1177 799 1240 uersibus
824 1182 888 1238 siue
912 1178 1037 1238 uocibus
1061 1178 1185 1257 singulis
1210 1181 1328 1239 omissis
1347 1178 1471 1240 breuius

297 1292 384 1357 quam
414 1295 429 1336 a
454 1276 542 1337 Festo
566 1278 674 1338 relatos
696 1296 772 1337 esse.
798 1266 917 1352 ¹‚Quare
942 1279 1030 1335 etiam
1055 1277 1187 1354 reliquis
1202 1277 1289 1356 locis,
1312 1279 1338 1336 si
1361 1277 1471 1337 Paulus

296 1382 327 1432 et
350 1374 468 1435 codices
493 1375 547 1435 boc
571 1376 658 1435 modo
682 1376 833 1453 differunt,
857 1375 1023 1434 cauendum
1047 1377 1118 1453 erit,
1146 1393 1182 1434 ue
1206 1374 1326 1435 Festum
1351 1395 1470 1453 quoque

199 1523 209 1529 ,
297 1472 353 1529 iam
383 1472 499 1531 easdem
533 1473 715 1533 differentias
747 1472 916 1531 exhibuisse
949 1481 1097 1550 putemus
1142 1473 1223 1543 Quin
1260 1476 1359 1552 potius
1392 1474 1470 1551 apud

297 1568 376 1628 btrnc
400 1588 521 1630 uersum
546 1570 714 1631 Plautinum
739 1570 917 1629 incolumem
943 1571 1034 1629 luisse
1058 1570 1239 1630 contendere
1263 1570 1340 1631 licet.

386 1667 444 1727 Sed
478 1688 583 1728 unum
622 1678 714 1733 restat
747 1667 1047 1728 commemorandum.
1108 1668 1144 1727 Vt
1177 1672 1255 1727 enim
1289 1672 1407 1747 saepius
1439 1673 1469 1729 in

298 1774 410 1825 textum
434 1769 596 1843 genuinum
612 1765 696 1825 Pauli
720 1766 790 1824 alias
814 1763 926 1842 glossas
950 1764 1044 1825 illatas
1063 1785 1128 1825 esse
1148 1765 1295 1845 uidemus,
1320 1770 1362 1827 sic
1382 1772 1470 1829 etiam

297 1863 361 1921 lieri
390 1864 499 1941 potuit,
531 1875 566 1923 ut
594 1881 700 1923 uersus
729 1861 857 1921 Plautini
885 1863 1003 1923 aliunde
1032 1865 1063 1922 in
1092 1862 1175 1922 Pauli
1203 1864 1353 1940 epitomen
1382 1866 1470 1924 inler-

297 1969 410 2020 reotur.
458 1964 553 2038 Atque
582 1962 637 2021 hoc
667 1963 775 2020 iactttm
808 1970 853 2020 est
877 1981 903 2040 p.
928 1959 948 2021 8
972 1980 995 2019 s.
1016 1980 1044 2020 u.
1069 1962 1186 2034 Ampor,
1215 1978 1290 2037 quae
1318 1961 1354 2019 ad
1384 1962 1469 2022 Most,

298 2055 361 2117 208
387 2068 508 2136 spectat.
547 2059 588 2119 lbi
613 2062 691 2119 enim
717 2060 764 2119 bic
788 2058 874 2118 locus
896 2061 936 2117 ita
960 2060 1096 2118 allertur:
1128 2060 1235 2118 Vellem
1258 2078 1305 2119 me
1329 2064 1359 2119 ln
1383 2066 1469 2137 aupi-

296 2176 366 2215 norn
399 2162 495 2231 uerti,
526 2177 584 2231 quo
617 2162 689 2218 burc
722 2161 867 2217 aniculae
896 2156 1006 2231 fauces
1035 2174 1307 2232 praeoccuparent.
1357 2158 1471 2218 Eodem

297 2255 383 2313 modo
421 2255 493 2315 haec
527 2256 618 2315 uerba
650 2275 716 2315 cum
752 2256 854 2314 aflerat
883 2255 1008 2314 Seruius
1039 2254 1073 2313 ad
1108 2253 1213 2332 Georg.
1242 2253 1282 2315 lll
1311 2252 1390 2333 497,
1418 2261 1471 2333 qui

297 2354 415 2430 saepius
440 2372 476 2411 ex
497 2356 636 2412 memoria
656 2352 737 2412 locos
756 2355 843 2413 allent
851 2349 885 2433 ¹),
910 2350 1062 2432 probabile
1081 2360 1128 2411 est
1150 2362 1245 2411 totum
1270 2352 1349 2412 branc
1372 2354 1469 2414 locum

296 2448 467 2509 Plautinum
491 2451 572 2511 illinc
595 2454 626 2510 iu
650 2451 733 2511 Pauli
757 2453 906 2529 scriptum.
927 2450 1101 2510 translatum
1125 2468 1199 2509 esse.

385 2645 459 2724 53.
506 2648 648 2726 Sequitur
676 2657 709 2707 ut
731 2666 915 2725 exponamus
940 2647 1047 2707 Festus
1075 2665 1132 2724 qua
1163 2650 1275 2706 ratione
1303 2649 1380 2726 apud
1400 2649 1471 2709 Ver·
1580 2661 1581 2710 t

296 2748 373 2805 rium
389 2745 529 2805 Flaccum
548 2749 599 2823 qui
619 2746 675 2804 loci
693 2745 823 2804 Plautini
841 2747 1021 2805 exstiterunt
1039 2746 1240 2821 exscripserit.
1273 2747 1369 2823 litque
1387 2746 1416 2806 id
1438 2757 1472 2807 ut

296 2843 331 2902 ad
356 2862 419 2903 rem
443 2842 530 2903 nobis
554 2846 734 2922 propositam
760 2843 852 2902 multo
877 2844 996 2902 maioris
1024 2851 1070 2901 est
1101 2845 1254 2922 momenti,
1285 2843 1363 2920 quod
1392 2845 1470 2923 apud

296 2940 418 3000 Festum
447 2940 539 2999 multo
569 2940 670 3018 plures
694 2959 806 3017 eosque
830 2939 981 3018 pleniores
1010 2940 1091 2999 locos
1116 2939 1265 2999 Plautinos
1299 2944 1472 3002 inuenimus

297 3058 384 3116 quam
409 3038 485 3116 apud
511 3038 643 3118 Paulum,
667 3041 706 3098 ita
732 3038 825 3097 multo
848 3038 998 3097 difficilius
1022 3048 1066 3096 est
1092 3048 1257 3117 propterea,
1281 3040 1360 3116 quod
1385 3040 1472 3099 Verri

209 3171 211 3175 ·
296 3136 393 3197 Flacci
417 3138 517 3213 operis
541 3135 613 3195 nibil
633 3136 718 3195 uobis
742 3145 893 3196 seruatum
917 3144 971 3216 est,
995 3154 1123 3213 quocum
1148 3154 1223 3213 quae
1247 3138 1324 3215 apud
1346 3136 1471 3196 Festum

297 3244 379 3314 suut,
412 3251 584 3312 comparare
617 3238 775 3313 possimus.
828 3237 924 3310 Atque
962 3236 1082 3291 omnino
1120 3252 1178 3311 qua
1215 3236 1329 3292 ratione
1363 3234 1472 3295 Festus

297 3336 400 3412 egerit,
425 3334 475 3410 qui
500 3334 703 3409 quaestionem
729 3335 925 3391 instituerunt
948 3330 980 3389 Ο.
1000 3324 1198 3411 Muellerus²)
1221 3340 1252 3389 et
1276 3327 1472 3410 llirltseuus³)

296 3434 375 3491 iuter
398 3450 428 3491 se
458 3432 649 3490 consentiunt
673 3429 794 3489 Festum
824 3430 1000 3507 plerumque
1024 3428 1111 3487 Verri
1135 3428 1232 3487 Flacci
1263 3427 1354 3487 uerba
1381 3448 1472 3507 appo-

297 3533 392 3590 suisse
427 3524 543 3588 ‘recisis
582 3538 679 3587 tamen
717 3547 791 3607 quae
830 3530 886 3605 ipsi
918 3529 1017 3585 nxiuus
1051 3528 1128 3585 scitu
1161 3526 1247 3603 (ligna
1280 3523 1471 3586 uidebantur'
1579 3527 1580 3550 ³

297 3625 408 3710 (Muell.
435 3618 553 3707 XXXl).
600 3625 707 3686 Festus
740 3636 838 3685 autem
872 3644 930 3704 quo
966 3624 1054 3683 niodo
1088 3622 1228 3681 reciderit
1258 3621 1342 3681 Verri
1372 3622 1471 3684 Flacci
1579 3611 1580 3656 l

297 3744 371 3803 opus
408 3728 471 3803 ipse
510 3727 647 3802 exposuit
683 3724 739 3783 sub
779 3742 867 3783 uoce:
906 3716 1107 3801 ‘porriciam'‚
1140 3719 1191 3779 ubi
1222 3738 1254 3778 se
1286 3724 1470 3799 propositum
1579 3703 1580 3718 ¹

297 3822 406 3881 habere
430 3821 502 3880 dicit
526 3822 720 3880 intermortua
744 3823 802 3879 iam
832 3829 861 3880 et
885 3821 1000 3897 sepulta
1029 3819 1119 3880 uerba
1143 3819 1316 3896 praeterire.
1361 3819 1472 3879 Multae

297 3924 388 3999 igitur
419 3918 533 3997 glossae
565 3917 641 3996 aputl
666 3916 803 3976 Verrium
832 3916 970 3975 Flaccum
1002 3924 1151 3975 exstantes
1182 3934 1197 3973 a
1225 3913 1315 3974 Festo
1346 3916 1472 3975 consilio

298 4021 423 4078 omissae
457 4025 534 4076 sunt.
581 4016 639 4076 lam
673 4018 828 4094 quaeritur
862 4033 920 4091 quo
953 4014 1040 4073 modo
1077 4017 1106 4073 in
1140 4016 1184 4073 eis
1217 4032 1290 4091 quas
1322 4017 1474 4093 excerpsit
1578 4005 1579 4018 ¹

297 4117 403 4193 glossis
432 4116 533 4192 egerit.
580 4117 675 4192 Atque
705 4114 741 4172 ab
766 4113 799 4172 0.
823 4112 965 4171 Muellero
997 4121 1027 4185 et
1050 4100 1207 4170 Dir·lsenio
1235 4111 1472 4170 demonstratum

371 4279 397 4348 1)
417 4278 457 4331 Gi.
478 4278 513 4330 ad
533 4276 633 4347 Georg.
654 4280 745 4330 1344.
771 4307 803 4314 -
828 4277 855 4342 2)
876 4274 907 4326 In
930 4273 1052 4327 editione
1071 4272 1147 4326 Festi
1165 4272 1300 4339 Paulique
1324 4292 1350 4340 p.
1370 4273 1472 4327 XXXI.

299 4391 331 4399 —
352 4361 378 4428 3)
398 4356 449 4411 Die
467 4358 588 4411 romisch
608 4356 780 4411 rechtlichen
800 4353 917 4418 Quelleo
936 4352 985 4407 der
1003 4350 1212 4406 Grammabiker
1225 4348 1339 4403 Verrius
1354 4350 1473 4407 Flaccus

297 4440 354 4492 und
372 4439 479 4492 Festus.
510 4437 551 4491 bf.
573 4437 810 4505 ‘Abhantllungen
829 4436 879 4488 der
893 4432 1019 4488 Berliner
1034 4431 1185 4486 Academie
1204 4431 1253 4484 der
1270 4429 1474 4486 Wissanschal-

296 4519 363 4574 bem’
382 4523 458 4573 1852.
